3552 5297
2834 373 2878 437 5

314 587 375 653 6.
417 585 591 651 1450
613 606 656 650 a
743 581 823 649 4':
874 583 1048 670 λέγω
1073 586 1202 671 γὰρ
1224 583 1458 667 μῦθον
1491 592 1733 650 τοῦτον
1757 588 1884 670 τὴν
1906 584 2242 653 σύνθεσιν
2275 590 2416 654 τῶν
2448 589 2877 675 πραγμάτων

416 692 590 758 1450
613 713 656 757 a
705 691 786 756 15
812 712 836 755 τ·
874 691 1193 776 μέγιστον
1219 692 1292 757 δὲ
1317 695 1578 757 τούτων
1625 693 1813 756 ἐστὶν
1836 696 1879 777 ἡ
1906 698 2046 757 τῶν
2078 694 2504 778 πραγμάτων
2549 698 2873 776 σύστασις

879 798 974 880 (11.
1024 820 1083 864 6.
1134 801 1170 862 δ
1214 797 1487 880 μῦθος).

417 907 591 972 1450
614 928 657 972 a
699 907 822 971 22:
874 908 1045 971 ὥστε
1092 905 1173 970 τὰ
1221 907 1590 991 πράγματα
1652 907 1767 971 καὶ
1813 904 2038 989 μῦθος
2083 907 2272 988 τέλος
2319 915 2433 994 τῆς
2479 910 2874 998 τραγωδίας.

417 1014 656 1079 14500
701 1014 819 1077 23:
868 1014 961 1077 ἔτι
1009 1014 1180 1077 ἄνευ
1225 1013 1354 1093 μὲν
1399 1010 1715 1097 πράξεως
1764 1013 1858 1096 (11.
1894 1037 1953 1079 6.
1984 1012 2246 1097 μύθου)
2295 1018 2421 1080 οὐκ
2471 1016 2563 1080 ἂν
2610 1018 2874 1102 γένοιτο

878 1120 1242 1206 τραγωδία,
1287 1122 1459 1184 ἄνευ
1505 1120 1579 1186 δὲ
1625 1120 1829 1205 ἠθῶν
1882 1123 2229 1206 γένοιτ’ἄν.
2484 1156 2491 1163 ·
2708 1156 2723 1171 ·

323 1229 678 1294 14145413
705 1228 822 1292 14:
872 1229 1028 1315 περὶ
1091 1227 1221 1307 μὲν
1284 1229 1413 1291 οὖν
1474 1212 1582 1312 τῆς
1631 1234 1769 1292 τῶν
1832 1231 2260 1314 πραγμάτων
2322 1232 2712 1310 συστάσεως
2759 1231 2878 1296 καὶ

875 1336 1118 1413 ποίους
1167 1334 1352 1413 τινὰς
1400 1335 1579 1398 εἶναι
1611 1334 1720 1398 δεῖ
1742 1337 1898 1414 τοὺς
1939 1333 2230 1417 μύθους,
2275 1339 2533 1423 εἴρηται
2580 1340 2839 1418 ἱκανῶς
2852 1360 2876 1415 ;

878 1446 951 1504 et
977 1440 1204 1506 multa
1230 1434 1382 1505 eius
1403 1440 1596 1507 modi
1614 1442 1755 1507 alia
1781 1490 1796 1521 ,
1839 1463 2022 1526 quae
2056 1442 2375 1511 cenferre
2425 1444 2713 1529 longum
2743 1451 2871 1510 est.

529 1549 667 1613 ἀπὸ
716 1555 856 1613 τῶν
923 1551 1154 1612 αὐτῶν
1217 1548 1422 1613 ἰδεῶν
1491 1548 1762 1636 optime
1839 1548 2237 1615 Vahlenius
2285 1573 2427 1616 non
2477 1550 2873 1636 significari

313 1680 421 1740 ea,
470 1655 730 1741 quibus
788 1654 901 1719 uti
949 1659 1313 1741 oporteat,
1385 1676 1567 1739 quae
1617 1654 1988 1744 Spengelii
2049 1656 2293 1745 opinio
2340 1664 2485 1742 est,
2549 1658 2673 1723 sed
2723 1680 2874 1727 esse

314 1762 491 1843 ,,άπό
540 1769 679 1826 τῶν
726 1764 957 1828 αὐτῶν
1003 1762 1240 1826 τόπων
1309 1765 1419 1844 (ub
1468 1760 1543 1827 in
1591 1762 1774 1827 rhet.
1844 1763 1907 1846 2,
1960 1764 2021 1847 3,
2073 1765 2309 1830 138011
2354 1765 2443 1829 30
2487 1766 2564 1830 ἐκ
2613 1768 2877 1829 τούτων

312 1870 550 1933 τόπων
598 1868 897 1946 λεκτέον,
947 1867 1261 1955 metaph.
1314 1869 1377 1951 3,
1410 1869 1469 1932 5.
1511 1869 1751 1934 100911
1798 1870 1859 1934 6.
1915 1869 1996 1934 15
2046 1871 2186 1935 άπὸ
2236 1878 2347 1956 τῆς
2398 1875 2601 1956 αὐτῆς
2653 1868 2878 1955 δόξης,

314 1970 455 2053 άπὸ
505 1982 617 2060 τῆς
666 1978 870 2059 αὐτῆς
935 1975 1303 2055 διανοίαςίζ,
1362 1980 1437 2039 eb
1484 1975 1987 2064 Gomperzius:
2058 1999 2238 2063 „von
2301 1977 2687 2044 denselben
2734 1977 2870 2043 Ge-

314 2080 908 2170 siohtspunkben“
960 2079 1432 2164 (Aristoteles'
1481 2082 1754 2149 Poetik.
1805 2083 2125 2172 Leipzig.
2181 2084 2400 2168 1897).

529 2192 701 2258 ἄνευ
748 2187 1196 2268 διδασκαλίας
1242 2210 1453 2254 3611311
1501 2190 1792 2278 proprio
1848 2191 2083 2278 „nullo
2133 2190 2500 2276 docente“‚
2571 2214 2737 2256 nam
2786 2190 2874 2258 iis

313 2295 723 2385 opponitur,
784 2317 967 2380 quae
1014 2293 1205 2361 infra
1253 2302 1423 2362 sunt
1469 2297 1661 2384 παρὰ
1707 2298 1830 2362 τὸν
1894 2297 2124 2382 λόγων
2170 2304 2245 2363 et,
2292 2298 2404 2363 διὰ
2468 2298 2591 2363 τὸν
2638 2298 2873 2385 λόγον,

317 2426 457 2469 11011
503 2409 588 2469 ut
635 2402 963 2469 nonnulli
1009 2407 1083 2468 et
1129 2403 1494 2491 explicant,
1540 2409 1615 2467 eb
1663 2409 1994 2488 vertunt,
2044 2426 2258 2470 3611311
2305 2403 2669 2471 tralaticio
2723 2402 2868 2491 „fa-

318 2510 528 2577 bulas
572 2509 886 2594 dooere“‚
934 2515 1019 2576 ut
1067 2509 1258 2576 idem
1306 2510 1402 2575 sil:
1452 2517 1666 2596 atque
1716 2513 1887 2577 ἄνευ
1934 2514 2219 2597 ἀγῶνος.

525 2617 795 2697 Quibus
866 2616 1246 2706 explicatis
1315 2622 1545 2683 restat,
1591 2625 1676 2683 ut
1725 2618 1817 2684 ad
1868 2624 2150 2686 textum
2218 2610 2866 2706 recognoscendum

313 2727 667 2794 accedam.
761 2725 1052 2791 Etenim
1099 2736 1303 2810 sunt,
1352 2725 1475 2810 qui
1524 2726 1956 2814 scripturam
2002 2727 2348 2794 librorum
2396 2726 2869 2816 depravatam

316 2857 466 2902 esse
536 2839 910 2923 censeant,
977 2834 1160 2919 quod
1229 2833 1519 2900 dativus
1544 2885 1560 2918 ‚
1607 2834 1732 2919 qui
1782 2857 1867 2899 ex
1913 2835 2133 2902 verbo
2179 2833 2482 2921 χρῆσθαι
2527 2834 2864 2924 pendeat,

316 2943 776 3009 desideretur.
871 2941 1093 3020 Quem
1143 2947 1225 3008 ut
1271 2940 1628 3025 habeant,
1710 2941 2183 3028 Uebewegius
2263 2941 2703 3027 (Aristotelis
2753 2964 2867 3008 ars

313 3033 595 3140 poetica
644 3049 734 3117 ad
782 3048 997 3114 fidem
1046 3048 1499 3137 potissimum
1549 3047 1834 3114 Codicis
1884 3049 2365 3135 an‘oiquissimi
2416 3048 2546 3116 Αο.
2579 3049 2868 3138 Lipsiae

314 3157 512 3240 1875)
583 3162 658 3223 et
724 3155 1082 3222 Christius
1145 3155 1597 3238 (Arisbobelis
1664 3156 1769 3221 De
1820 3163 1974 3222 arte
2047 3157 2327 3245 poetica
2397 3157 2598 3223 liber.
2670 3156 2869 3245 Lips.

313 3265 509 3346 1882)
559 3262 1169 3353 praepositionem
1216 3266 1293 3329 ἐν
1342 3263 1719 3329 delendam
1786 3286 1938 3329 6336
1988 3270 2312 3330 censent:
2384 3264 2601 3351 δῆλον
2648 3264 2722 3332 δὲ
2769 3266 2868 3331 ὅτι

311 3375 425 3441 καὶ
470 3373 627 3461 [ἐν]
672 3379 811 3454 τοῖς
854 3374 1260 3459 πράγμασιν
1306 3373 1445 3439 άπὸ
1495 3378 1636 3438 τῶν
1683 3376 1917 3439 αὐτῶν
1950 3374 2154 3439 ἰδεῶν
2187 3373 2294 3440 δεῖ
2317 3371 2633 3460 χρῆσθαι.
2683 3372 2865 3457 EgO,

311 3481 586 3567 siquid
639 3480 1064 3548 mutandum
1128 3485 1270 3563 est,
1340 3480 1510 3547 111110
1573 3481 1724 3547 1000
1792 3480 2155 3547 levissimo
2218 3480 2714 3546 additamento
2762 3479 2865 3546 sio

313 3588 742 3655 medendum
813 3610 965 3654 esse
1038 3587 1462 3653 censuerim:
1540 3589 1757 3674 δῆλον
1820 3588 1892 3654 δὲ
1955 3591 2055 3654 ὅτι
2120 3589 2236 3653 καὶ
2310 3588 2511 3675 (τοῖς)
2583 3588 2662 3653 ἐν
2728 3593 2866 3668 τοῖς

308 3699 708 3785 πράγμασιν
757 3697 897 3763 άπὸ
962 3701 1100 3762 τῶν
1149 3698 1378 3760 αὐτῶν
1446 3695 1650 3764 ἰδεῶν
1698 3696 1807 3761 δεῖ
1843 3695 2165 3781 χρῆσθαι,
2213 3697 2380 3760 ὅταν
2426 3698 2469 3779 ἢ
2514 3693 2776 3760 ἐλεεινὰ
2823 3696 2868 3779 ἢ

311 3804 500 3870 δεινὰ
547 3806 592 3889 ἢ
635 3803 904 3890 μεγάλα
948 3805 993 3888 ἢ
1038 3803 1268 3868 εἰκότα
1331 3800 1444 3889 δέῃ
1516 3802 2090 3888 παρασκευάζειν.
2182 3802 2368 3868 Nam
2438 3823 2599 3868 oum
2647 3822 2865 3889 supra

311 3912 396 3977 de
444 3905 782 4001 partibus
829 3910 1129 3977 rationis
1195 3913 1371 3995 (τοῖς
1428 3916 1540 3996 τῆς
1599 3910 1911 3990 διανοίας
1973 3911 2276 3996 μέρεσιν]
2352 3908 2686 3993 dixisset,
2747 3907 2865 3976 1110

313 4025 556 4107 partes
603 4018 895 4086 fabulae
942 4018 1059 4102 (τὰ
1129 4021 1206 4084 ἐν
1276 4024 1413 4098 τοῖς
1482 4019 1836 4104 πράγμασι
1900 4018 2108 4105 μέρη)
2174 4016 2562 4082 adumbrat
2626 4020 2865 4101 abque,

311 4127 567 4212 quibus
615 4127 830 4192 rebus
878 4131 1124 4214 partes
1171 4124 1470 4191 rationis
1520 4147 1680 4190 011111
1726 4123 2017 4191 fabulae
2064 4124 2397 4212 partibus
2443 4129 2865 4209 congruant,

309 4234 565 4319 quibus
614 4233 989 4318 differant,
1070 4233 1296 4301 doceb.
1376 4233 1492 4298 Sic
1564 4233 1786 4302 etiam
1849 4255 2133 4317 eorum,
2212 4254 2395 4318 quae
2443 4237 2863 4317 sequuntur,
2988 4221 3001 4230 ⁶

310 4341 537 4409 oratio
572 4341 990 4430 planissime
1024 4340 1385 4429 procedit:
1434 4341 1624 4426 πλὴν
1670 4347 1997 4408 τοσοῦτον
2045 4340 2368 4427 διαφέρει,
2414 4341 2513 4405 ὅτι
2560 4339 2659 4404 τὰ
2705 4341 2865 4421 μὲν

310 4450 417 4532 (ἐν
485 4456 626 4529 τοῖς
679 4451 1034 4536 πράγμασι
1093 4450 1301 4535 μέρη)
1363 4449 1472 4515 δεῖ
1535 4448 1912 4532 φαίνεσθαι
1990 4448 2084 4535 (ἢ
2144 4448 2407 4515 ἐλεεινὰ
2478 4450 2523 4533 ἢ
2580 4448 2773 4516 δεινὰ
2822 4449 2867 4532 ἢ

307 4556 573 4644 μεγάλα
617 4559 662 4642 ἢ
707 4557 968 4644 εἰκότα)
1020 4557 1191 4653 ἄνευ
1238 4555 1719 4636 διδασκαλίας,
1782 4556 1880 4622 τὰ
1930 4555 2018 4626 δὲ
2063 4557 2159 4623 ἐν
2208 4561 2323 4639 τῷ
2369 4554 2603 4640 λόγῳ
2650 4555 2750 4642 (11.
2800 4576 2859 4620 6.
