3552 5297
2898 381 2943 450 ⁰1

384 602 537 667 καί
581 597 669 682 ἐξ
716 602 988 685 αὐτῆς
1048 605 1192 685 τῆς
1253 599 1764 680 συστάσεως
1825 601 1996 663 τῶν
2059 598 2658 686 πραγμάτων,
2723 597 2941 687 ὅπερ

382 709 573 776 ἐστὶ
616 709 1062 795 πρότερον
1109 707 1257 772 καὶ
1303 713 1676 792 ποιητοῦ
1724 708 2234 788 ἀμείνονος.
2283 705 2391 771 δεῖ
2427 707 2559 792 γὰρ
2604 706 2721 773 καὶ
2768 706 2942 773 ἄνευ

383 822 503 882 τοῦ
572 817 747 902 ὁρᾶν
818 817 998 880 οὕτω
1057 814 1478 882 συνεστάναι
1546 813 1669 878 τὸν
1731 812 1987 895 μῦθον,
2035 815 2209 880 ὥστε
2269 813 2394 880 τὸν
2463 816 2813 880 ἀκούοντα
2858 814 2943 879 τὰ

383 925 759 1009 πράγματα
805 923 1141 1009 γινόμενα
1173 920 1291 986 καὶ
1332 922 1634 1007 φρίττειν
1666 920 1783 986 καὶ
1815 919 2034 987 ἐλεεῖν
2081 921 2157 985 ἐκ
2204 924 2345 986 τῶν
2391 918 2942 1006 σὺμβαινδντων.

386 1033 564 1117 άπερ
610 1032 700 1095 ἄν
745 1027 969 1096 πάθοι
1014 1051 1108 1109 τις
1155 1031 1437 1094 ἀκούων
1493 1027 1617 1093 τὸν
1662 1034 1785 1093 τοῦ
1842 1026 2132 1094 Οἰδίπου
2175 1024 2427 1110 μῦθον.

597 1137 745 1216 Quo
791 1136 1000 1203 modo
1049 1141 1293 1201 autem
1346 1140 1586 1224 partes
1636 1133 2002 1201 actionum
2039 1133 2185 1200 sint
2232 1133 2807 1219 conformandae,
2855 1141 2942 1201 ut

382 1243 578 1333 ipsae
628 1265 753 1332 per
798 1265 874 1309 se
922 1248 1051 1309 aut
1096 1240 1523 1308 metuendae
1586 1247 1716 1308 aut
1779 1240 2274 1308 miserabiles
2301 1263 2456 1307 esse
2532 1240 2942 1325 videantur,

380 1373 469 1416 ex
501 1351 751 1417 eodem
795 1350 1036 1438 capite
1070 1351 1172 1415 14.
1211 1349 1444 1416 145312
1497 1350 1599 1415 14.
1633 1334 1965 1435 intellegi
2013 1354 2277 1438 potest,
2325 1348 2453 1414 ubi
2499 1348 2678 1415 haec
2726 1347 2940 1414 dicit.

380 1465 552 1525 ποῖα
630 1461 759 1525 οὖι
836 1459 1028 1525 δεινὰ
1097 1461 1140 1542 ἢ
1207 1462 1379 1524 ποῖα
1455 1458 1691 1545 οἰκτρὰ
1762 1459 2087 1542 φαίνεται
2163 1462 2304 1522 τῶν
2382 1458 2943 1538 συμπιπτόντων,

382 1565 722 1651 λάβωμεν.
788 1566 1060 1652 ἀνάγκη
1106 1565 1180 1631 δὲ
1223 1566 1269 1650 ἢ
1316 1564 1544 1648 φίλων
1590 1565 1766 1631 εἶναι
1829 1564 2002 1651 πρὸς
2050 1562 2399 1649 ἀλλήλους
2445 1564 2564 1644 τὰς
2614 1566 2938 1644 τοιαύτας

379 1670 661 1760 πράξεις
706 1674 752 1758 ἢ
781 1670 1059 1760 ἐχθρῶν
1089 1673 1134 1756 ἢ
1161 1671 1568 1759 μηδετέρων.
1619 1671 1709 1736 ἂν
1753 1662 1896 1754 μὲν
1932 1672 2063 1737 οὖν
2108 1669 2359 1760 ἐχθρὸς
2403 1669 2684 1759 ἐχθρόν,
2732 1671 2940 1737 οὐδὲν

381 1779 686 1847 ἐλεεινὸν
753 1782 907 1845 οὔτε
973 1785 1200 1844 ποιῶν
1271 1782 1428 1844 οὔτε
1495 1778 1795 1860 μέλλων,
1870 1777 2059 1864 πλὴν
2106 1780 2255 1844 κατ’
2317 1778 2485 1843 αὐτὸ
2548 1778 2625 1843 τὸ
2694 1777 2944 1859 πάθος,

382 1887 528 1953 οὐδ’
551 1887 642 1952 ἂν
685 1886 1068 1974 μηδετέρως
1094 1868 1103 1877 ’
1130 1888 1433 1970 ἔχοντες,
1495 1875 1673 1951 ’ὅταν
1719 1886 1780 1952 δ’
1803 1888 1882 1969 ἐν
1928 1891 2073 1965 ταῖς
2140 1877 2397 1971 φιλίαις
2460 1887 2812 1972 ἐγγένηται
2858 1887 2941 1951 τὰ

379 1992 610 2082 πάθη,
677 1994 831 2059 οἷον
899 1994 961 2057 εἰ
1005 1991 1304 2089 ἀδελφὸς
1371 1992 1679 2077 άδελφὸν
1728 1995 1771 2077 ἢ
1816 1993 1964 2073 υίὸς
2029 1994 2296 2081 πατέρα
2343 1994 2386 2076 ἢ
2427 1995 2649 2079 μητηρ
2696 1992 2854 2058 υἱὸν
2899 1994 2945 2075 ἣ

382 2102 528 2182 υίὸς
571 2104 831 2191 μητέρα
899 2103 1186 2211 άποκτεί
1229 2123 1287 2166 ει
1332 2102 1378 2186 ἢ
1419 2100 1651 2184 μέλλει
1698 2105 1739 2187 ἥ
1786 2125 1848 2166 τι
1907 2099 2083 2167 ἄλλο
2132 2107 2444 2167 τοιοῦτον
2507 2100 2676 2188 δρᾷ,
2723 2105 2939 2165 ταῦτα

382 2207 719 2296 ζητητέον.

594 2314 734 2381 Sed
782 2314 960 2381 haec
1008 2314 1186 2381 satis
1235 2337 1390 2380 esse
1439 2315 1800 2403 videntur.
1847 2315 2233 2400 Reliquum
2282 2320 2413 2399 est,
2460 2320 2546 2380 ut
2572 2312 2662 2380 ad
2710 2319 2941 2379 extre-

296 2410 309 2417 ’
383 2445 571 2490 mam
618 2422 773 2490 eius
819 2423 957 2490 loci
1006 2421 1440 2488 sententiam
1488 2421 1991 2511 explicandam
2040 2428 2277 2508 atque,
2325 2445 2486 2489 cum
2533 2444 2577 2488 a
2622 2419 2938 2487 librariis

379 2528 786 2599 foedissime
835 2530 1234 2619 depravata
1283 2552 1435 2595 esse
1501 2530 1858 2614 videatur,
1924 2529 2446 2596 emendandam
2494 2529 2939 2598 accedamus.

379 2639 468 2705 In
516 2637 846 2705 omnibus
909 2637 1098 2703 enim
1168 2635 1372 2703 libris
1400 2725 1405 2732 .
1438 2636 1781 2723 leguntur
1827 2642 1902 2702 et
1950 2636 2168 2723 vulgo
2240 2636 2553 2705 eduntur
2621 2636 2830 2703 haec:
2879 2638 2942 2701 τί

381 2746 513 2832 γὰρ
558 2746 651 2810 ἂν
695 2746 802 2830 εἴη
846 2751 969 2820 τοῦ
1013 2743 1331 2830 λέγοντος
1390 2747 1627 2830 ἔργον,
1682 2746 1745 2810 εἰ
1791 2750 2083 2829 φανοῖτο
2129 2744 2297 2831 ἡδέα
2355 2746 2474 2809 καὶ
2519 2747 2616 2829 μὴ
2661 2744 2773 2810 διὰ
2819 2744 2944 2808 τὸν

380 2851 611 2935 λόγον.
659 2850 933 2917 Eadem
981 2849 1206 2918 etiam
1252 2850 1485 2917 versio
1534 2850 1850 2917 Arabica
1899 2851 2087 2917 tueri
2136 2850 2449 2934 videtur,
2522 2871 2706 2936 quae
2753 2849 2939 2915 Mar-

378 2956 822 3045 goliouthius
870 2957 1132 3024 Latine
1179 2957 1285 3024 ita
1333 2957 1603 3024 reddit:
1662 2958 1890 3046 „Quid
1940 2958 2131 3023 enim
2161 2957 2353 3026 foret
2386 2979 2566 3046 opus
2613 2957 2768 3023 eius
2815 2955 2941 3041 qui

378 3066 531 3132 sive
578 3064 898 3150 loquitur
945 3064 1097 3131 sive
1146 3072 1503 3155 apparent
1550 3065 1626 3131 in
1673 3088 1755 3133 eo
1791 3065 2201 3155 voluptates
2247 3087 2476 3151 neque
2525 3070 2769 3131 tamen
2805 3085 2941 3152 per

378 3172 840 3241 orationem“.‘
899 3169 1039 3254 (Cf.
1089 3172 1595 3258 Margoliouth,
1648 3172 1753 3257 D.,
1803 3170 2159 3239 Analecta
2207 3170 2588 3239 orientalia
2636 3170 2727 3237 ad
2780 3191 2940 3259 poe-

380 3282 599 3348 ticam
650 3279 1180 3346 Aristoteleam.
1230 3280 1543 3348 Londini
1594 3281 1790 3365 1887,
1847 3304 1916 3370 p.
1963 3280 2097 3366 66).

592 3388 908 3465 Quorum
956 3387 1136 3453 illud
1186 3388 1386 3473 ἠδέα,
1435 3387 1625 3473 quod
1673 3388 1749 3453 in
1797 3388 2073 3476 protasi
2123 3395 2255 3474 est,
2303 3409 2653 3455 summam
2699 3386 2939 3474 legen-

380 3495 575 3562 tibus
623 3501 699 3560 et
744 3493 1147 3561 editoribus
1197 3494 1729 3562 dubitationem
1776 3505 1853 3561 et
1898 3496 2304 3563 molestiam
2352 3494 2615 3563 adfert.
2691 3495 2940 3581 Neque

377 3602 591 3686 enim,
661 3600 832 3687 quid
882 3600 994 3666 sid
1046 3600 1469 3688 iucundum,
1546 3603 1737 3688 quod
1786 3603 2041 3689 cuique
2091 3603 2459 3692 probetur,
2527 3602 2738 3669 facile
2786 3602 2939 3668 erui

379 3715 640 3798 potest,
686 3732 916 3795 neque
963 3708 1097 3776 hoc
1146 3709 1300 3777 loco
1349 3710 1436 3775 de
1486 3712 1901 3800 voluptate,
1975 3733 2156 3797 quae
2204 3733 2293 3778 ex
2341 3710 2733 3797 tragoediis
2782 3732 2940 3799 spe·

378 3816 663 3883 ctandis
710 3824 926 3903 atque
976 3816 1355 3883 audiendis
1404 3818 1827 3907 percipitur,
1899 3818 2022 3883 sed
2072 3818 2159 3884 de
2208 3817 2488 3885 ratione
2537 3815 2940 3884 absolvitur

379 3923 802 4013 disputatio.
849 3925 1111 4009 Itaque
1157 3924 1348 3991 viros
1399 3927 1667 4010 doctos,
1713 3925 2028 3993 editores
2060 3933 2135 3992 et
2168 3926 2623 4016 interpretes,
2669 3931 2755 3992 ut
2787 3926 2939 3992 loco

377 4029 855 4114 mederentur,
903 4030 1049 4096 tria
1099 4031 1412 4119 amplius
1478 4033 1738 4099 abhinc
1787 4034 2077 4101 saecula
2144 4055 2418 4101 summo
2466 4053 2678 4123 opere
2727 4033 2939 4100 suda-

382 4137 564 4204 visse
626 4159 855 4224 neque
926 4144 1168 4204 tamen
1240 4140 1455 4206 talem
1527 4140 1844 4226 aliquam
1923 4141 2372 4226 medicinam,
2450 4162 2632 4227 quae
2681 4140 2937 4226 cuique

382 4243 722 4332 placeret,
769 4244 1295 4332 excogitavisse
1343 4253 1648 4313 constat.
1730 4246 1884 4325 Quo
1933 4247 2203 4315 factum
2252 4255 2400 4332 est,
2448 4253 2533 4313 ut
2583 4246 2672 4313 ad
2724 4247 2936 4332 diem,

377 4373 516 4438 quo
566 4349 743 4416 haec
789 4352 1209 4437 scribebam,
1258 4377 1464 4420 suum
1498 4353 1799 4440 quisque
1836 4353 2219 4422 arbitrium
2251 4361 2685 4440 sequeretur,
2734 4377 2938 4423 suam

375 4459 677 4544 quisque
725 4458 861 4525 sibi
911 4460 1336 4526 emendandi
1397 4461 1751 4528 rationem
1825 4461 2343 4528 defendendam
2393 4469 2710 4551 putaret.
2785 4463 2937 4528 Pri-

377 4588 572 4634 mum
635 4565 884 4654 igitur,
964 4588 1147 4652 quae
1210 4568 1605 4636 virororum
1685 4568 2056 4638 doctorum
2133 4568 2584 4637 coniecturae
2663 4568 2938 4660 publici
