3552 5297
2909 387 2953 453 9

395 605 438 688 ἧ
484 603 639 683 δέοι,
688 603 821 688 ήδη
867 602 964 668 δι’·
999 601 1195 682 αὑτάζ
1238 603 1407 682 ἔνια,
1438 602 1568 687 ἤδη
1600 603 1680 687 τῇ
1708 600 1859 686 θέᾳ,
1905 622 2086 685 quae
2119 598 2591 685 castelvetro,
2639 601 2948 686 MadiuS,

395 709 907 796 Tyrwhit'tius‚
981 709 1415 793 Vahleniu8,
1487 708 2000 793 Susemihlius,
2070 708 2165 773 M.
2215 707 2692 793 Schmidtius,
2741 710 2953 776 Gom-

392 816 677 905 perzius
727 816 1206 883 coniecerunt.
1298 815 1752 902 Bernhardyi
1801 816 2287 882 coniecturam
2335 818 2397 882 εἰ
2442 819 2806 905 εὐφραίνοι
2868 818 2950 882 τὰ

391 924 559 1009 ἡδέα
625 923 768 989 iam
834 925 1259 1013 Spengelius
1330 930 1523 989 reete
1592 923 2044 1012 repudiavit,
2121 945 2288 989 nam
2359 945 2502 990 non
2549 925 2689 1009 eis,
2768 946 2949 1010 quae

394 1053 631 1115 aegra,
681 1031 806 1097 sed
855 1055 1039 1117 quae
1088 1054 1260 1098 sana
1308 1037 1499 1116 sunt,
1546 1030 1816 1097 mederi
1865 1037 2182 1097 conatur.
2234 1031 2509 1097 Eadem
2535 1032 2624 1096 de
2652 1030 2953 1097 Christii

392 1138 805 1205 coniectura
851 1140 1019 1225 ἡδέα
1069 1140 1150 1225 (ἢ
1196 1139 1388 1205 δεινὰ
1437 1140 1646 1225 αὐτὰ)
1695 1138 2001 1204 dicenda
2049 1144 2325 1204 erunt..
2378 1138 2730 1224 Reliquae
2779 1145 2951 1204 sunt

395 1247 847 1312 coniecturae
896 1247 1099 1330 duae,
1150 1247 1380 1311 altera
1429 1245 1797 1334 Spengelii
1845 1246 2187 1331 ήδιάνοια
2236 1249 2406 1332 αὐτὴ
2454 1246 2538 1311 δι’
2586 1248 2789 1331 αὐτῆς
2836 1247 2952 1311 καὶ

392 1357 486 1438 μὴ
519 1355 630 1420 διὰ
662 1362 784 1420 τοῦ
816 1354 1046 1439 λόγου,
1081 1353 1309 1418 altera
1334 1352 1674 1418 Vahlenii
1721 1357 1765 1438 ἡ
1813 1353 2106 1433 διάνοια,
2153 1375 2337 1438 quae
2385 1352 2745 1438 quandam
2798 1375 2949 1441 pro-

394 1461 719 1527 balitatis',
768 1461 1074 1551 speeiem
1126 1482 1296 1548 prae
1345 1481 1418 1524 se
1466 1458 1648 1525 ferre
1699 1459 2039 1525 videntur
2085 1482 2310 1546 neque
2361 1467 2602 1525 tamen
2649 1483 2763 1545 ea,
2813 1483 2953 1546 qua

397 1590 530 1655 par
592 1574 720 1653 est,
789 1567 1194 1635 constantia
1264 1578 1337 1632 et
1402 1573 1983 1653 argumentorum
2030 1567 2103 1633 vi
2153 1567 2243 1633 ab
2293 1567 2470 1656 ipsis
2536 1568 2952 1635 auctoribus

395 1676 880 1763 proferuntur.
948 1675 1146 1753 Quae
1196 1674 1424 1759 igitur
1473 1697 1513 1739 a
1561 1675 1735 1741 viris
1786 1676 2017 1741 doctis
2068 1676 2581 1763 praetermissa
2629 1682 2821 1761 sunt,
2869 1662 2955 1741 ea

395 1781 574 1846 mihi
620 1783 899 1848 adferre
951 1782 1207 1870 placet.
1260 1781 1456 1847 Solet
1503 1782 1690 1846 enim
1744 1781 2194 1865 Aristoteles»,
2266 1782 2391 1847 ubi
2440 1782 2753 1868 aliquam
2803 1806 2954 1849 sen-

395 1889 701 1954 tentiam
752 1913 793 1954 a
840 1889 913 1954 s‘e
965 1888 1318 1976 prolatam
1366 1889 1825 1976 comprobare
1873 1889 2072 1973 vult,
2141 1888 2211 1953 id
2262 1889 2366 1953 ita
2415 1889 2676 1973 faeere,
2725 1895 2808 1955 ut
2855 1889 2955 1954 al-

393 2001 624 2061 teram
664 1996 1116 2079 sententiam,
1164 2018 1376 2080 quam
1411 1996 1768 2084 particula
1805 1999 1937 2083 γάρ
1968 1995 2267 2080 inducit,
2317 1995 2541 2083 priori
2576 1996 2952 2082 adiungat.

394 2103 596 2180 Quod
676 2104 961 2169 dicendi
1026 2126 1250 2189 genus
1313 2103 1489 2169 adeo
1555 2103 1907 2168 usitatum
1981 2090 2132 2187 est,
2214 2098 2417 2169 ut'in
2466 2109 2679 2169 tanta
2750 2103 2954 2191 copia

397 2206 737 2276 librorum
784 2212 908 2277 vix
954 2211 1179 2276 ullum
1227 2218 1449 2298 caput
1496 2211 1616 2296 sit,
1665 2234 1803 2295 quo
1840 2210 2046 2298 plura
2095 2210 2422 2299 exempla
2470 2210 2768 2299 reperiri
2812 2232 2956 2275 non

395 2317 695 2404 possint.
797 2319 1110 2397 Quorum
1182 2318 1241 2383 si
1305 2317 1606 2384 formam
1688 2317 2163 2406 spectaveris,
2242 2319 2383 2385 duo
2449 2341 2713 2405 genera
2761 2324 2953 2383 sunt.

393 2422 722 2491 Alterum
794 2426 985 2491 enim
1059 2448 1284 2511 genus
1356 2433 1504 2510 est,
1574 2425 1701 2490 ubi
1772 2424 2202 2492 Aristoteles
2274 2425 2741 2509 sententiam,
2813 2410 2954 2509 qua

393 2532 660 2617 aliquid
724 2534 1251 2622 comprobatur,
1323 2538 1472 2598 tam
1543 2539 1873 2598 accurate
1945 2532 2383 2618 conformat,
2453 2540 2540 2599 ut
2608 2533 2790 2598 nihil
2854 2533 2951 2597 sit

395 2639 1008 2726 subaudiendum,
1058 2641 1404 2725 alterum,
1476 2640 1602 2706 ubi
1651 2640 1763 2725 id,
1835 2664 1975 2725 qua
2023 2648 2132 2706 est
2181 2640 2774 2727 breviloquentia,
2848 2639 2953 2705 ita

392 2744 593 2831 facit,
643 2755 725 2813 ut
774 2749 1267 2814 antecedentis
1312 2749 1675 2815 enuntiati
1740 2749 2037 2816 verbum
2089 2755 2214 2814 aut
2262 2750 2469 2836 plura
2518 2749 2665 2814 sint
2711 2754 2953 2813 mente

395 2860 469 2917 et
517 2855 955 2940 cogitatione
1005 2856 1427 2944 supplenda.
1522 2856 1787 2922 Prioris
1825 2856 2115 2942 generis
2166 2856 2589 2945 exemplum,
2639 2878 2800 2921 oum
2849 2856 2954 2920 in-

393 2947 867 3028 numerabilia
933 2964 1100 3048 sint,
1172 2986 1393 3028 unum
1455 2964 1634 3028 satis
1698 2964 1841 3028 erit
1919 2963 2260 3052 proferre,
2323 2964 2508 3049 quod
2572 2970 2681 3029 est
2744 2963 2953 3028 initio

394 3067 610 3135 Rhet.
663 3072 717 3134 1.
771 3075 828 3136 1.
883 3072 1121 3138 1364a
1174 3074 1248 3137 1:
1328 3072 1433 3136 ‘H
1495 3073 1816 3160 ῥητορική
1895 3074 2078 3138 ἐστιν
2148 3074 2596 3159 ἀντίστροφος
2663 3074 2743 3158 τῇ
2812 3070 2954 3136 δια-

395 3173 695 3261 λεκτικῇ·
789 3180 1301 3266 ἀμφότεραι
1368 3180 1525 3267 γὰρ
1591 3182 1787 3266 περὶ
1864 3182 2311 3244 τοιούτων
2388 3185 2658 3246 τινῶν
2721 3162 2956 3245 εἰσὶν

395 3283 439 3342 ἃ
488 3285 749 3348 κοινὰ
811 3287 1158 3371 τρόπον
1227 3285 1431 3351 τινὰ
1496 3287 1929 3351 ἁπάντων
1990 3287 2175 3350 ἐστὶ
2241 3285 2738 3372 γνωρίζειν
2804 3289 2954 3351 καὶ

397 3387 820 3469 οὐδεμίάς
868 3393 1365 3478 ἐπιστήμης
1413 3394 2072 3479 ἀφωρισμένης.
2123 3392 2224 3457 διὸ
2258 3394 2375 3457 καὶ
2405 3394 2660 3472 πάντες
2692 3394 2956 3480 τρόπον

396 3494 548 3557 τινὰ
622 3500 1021 3580 μετέχουσιν
1099 3502 1397 3585 ἀμφοῖν·
1491 3502 1825 3579 πάντες
1902 3500 2068 3586 γὰρ
2138 3503 2404 3587 μέχρι
2480 3501 2728 3580 τινὸς
2811 3501 2983 3568 καὶ.

394 3596 862 3683 ἐξετάζειν
912 3609 1055 3671 καὶ
1101 3609 1482 3690 ὑπέχειν
1548 3607 1826 3693 λόγον
1897 3609 2049 3671 καῖ
2107 3606 2760 3694 ἀπολογεῖσθαι
2809 3608 2956 3671 καὶ

396 3720 942 3799 κατηγορεῖν
1012 3717 1610 3803 ἐγχειροῦσιν.
1705 3714 2131 3781 Posterioris
2189 3715 2471 3800 generis
2520 3715 2698 3780 haee
2747 3699 2953 3779 sant:

377 3906 382 3910 ,
607 3818 709 3883 De
778 3819 993 3886 anim.
1067 3825 1125 3887 1.
1195 3823 1257 3887 5.
1322 3824 1515 3888 410b
1562 3824 1636 3887 3:
1701 3825 2037 3908 γνώσεται
2097 3822 2226 3903 μὲν
2295 3823 2426 3908 γὰρ
2493 3827 2571 3889 ἓν
2641 3823 2955 3900 ἕκαστον,

393 3922 623 3989 πολλὰ
672 3927 731 3992 δ’
776 3930 1129 4015 ἀγνοήσει·
1177 3932 1411 3995 πάντα
1460 3931 1589 4016 γὰρ
1635 3929 1857 3995 τᾶλλα
1904 3929 2078 4011 (soil.
2132 3930 2499 4014 ἀγνοήσει).

607 4034 807 4102 Poet.
859 4038 916 4101 1.
972 4036 1209 4102 1447a
1258 4038 1338 4102 16
1411 4038 1811 4124 διαφέρουσι
1878 4037 1951 4102 δὲ
2013 4036 2342 4123 ἀλλήλων
2413 4038 2670 4124 τρισίν,
2736 4039 2781 4122 ἢ
2825 4036 2960 4122 γὰρ

397 4146 490 4223 τῷ
537 4144 615 4207 ἐν
660 4144 907 4231 ἑτέροις
950 4143 1310 4225 μιμεῖσθαι
1341 4147 1384 4229 ἢ
1415 4152 1507 4228 τῷ
1553 4146 1749 4230 ἕτερά
1783 4147 1826 4228 ἢ
1857 4150 1948 4227 τῷ
1981 4145 2222 4230 ἑτέρως
2270 4145 2385 4209 καὶ
2431 4146 2525 4229 μὴ
2573 4143 2695 4208 τὸν
2743 4143 2956 4208 αὐτὸν

402 4248 664 4334 τρόπον
711 4250 884 4332 (soil.
938 4250 1433 4339 διαφέρουσιν).

611 4355 806 4422 Poet.
888 4359 994 4423 25.
1051 4360 1284 4425 1460b
1356 4360 1397 4425 9
1468 4360 1740 4445 ἀνάγκη
1806 4358 2166 4442 μιμεῖσθαι
2242 4365 2450 4446 τριῶν
2529 4361 2757 4424 ὄντων
2832 4358 2956 4424 τὸν

398 4460 707 4549 ἀριθμὸν
751 4466 830 4529 ἕν
874 4488 934 4530 τι
981 4467 1116 4547 ἀεὶ,
1177 4469 1222 4552 ἢ
1267 4466 1400 4554 γὰρ
1446 4467 1560 4531 οἷα
1607 4467 1695 4552 ἦν
1741 4468 1787 4551 ἢ
1832 4468 2034 4547 ἔστιν,
2088 4468 2133 4551 ἢ
2181 4468 2295 4533 οἷά
2344 4488 2558 4551 φασιν
2606 4467 2721 4531 καὶ
2770 4465 2959 4531 δοκεῖ

393 4570 438 4654 ἣ
482 4570 597 4638 οἷα
641 4571 821 4639 εἶναι
868 4572 976 4639 δεῖ
1012 4573 1189 4658 (soil.
1240 4574 1512 4662 ἀνάγκη
1572 4571 1975 4657 μιμεῖσθαι).
