3552 5297
658 381 706 445 4

874 594 1192 671 Quarum
1263 592 1764 657 definitionum
1814 613 1898 656 ea
1946 590 2055 655 vis
2104 614 2257 656 esse
2323 591 2635 676 videtur,
2705 592 2968 676 quibus
3044 594 3222 660 trita

663 701 787 765 illa
836 706 912 765 et
958 701 1260 785 vulgata
1307 699 1588 764 eluceat
1652 698 2015 764 sententia
2087 698 2506 763 rationis
2580 698 3225 787 interpretem

661 831 862 874 esse
910 807 1452 890 orationem,
1523 829 1704 891 quae
1754 806 1899 870 iam
1945 805 2114 870 libri
2162 806 2250 870 de
2300 806 2902 894 interpretatione
2951 830 3112 896 cap.
3166 811 3223 874 1.

661 917 760 981 sic
808 936 1142 1003 expressa
1192 914 1493 999 legitur:
1547 914 1695 978 lssa
1741 916 1820 976 3:
1869 916 2006 981 ἔστι
2050 914 2180 994 μὲν
2227 915 2359 978 οὖν
2390 913 2472 976 τὰ
2506 916 2586 978 ἐν
2609 917 2692 999 τῇ
2736 919 2943 1000 φωνῇ
2972 921 3118 979 τῶν
3149 920 3226 981 ἐν

661 1027 742 1109 τῇ
784 1026 978 1108 ψυχῇ
1019 1020 1458 1108 παθημάτων
1506 1020 1840 1104 σύμβολα,
1889 1022 2004 1085 καὶ
2049 1022 2131 1084 τὰ
2164 1022 2572 1106 γραφόμενα
2604 1026 2745 1085 τῶν
2777 1023 2856 1085 ἐν
2888 1026 2970 1107 τῇ
3002 1028 3222 1109 φωνῇ.

872 1131 1077 1195 Hanc
1123 1128 1424 1194 rationis
1491 1128 2008 1194 defiinitionem
2071 1126 2319 1216 partes
2385 1129 2466 1191 τὰ
2513 1135 2628 1212 τῆς
2676 1128 2988 1208 διανοίας
3034 1132 3229 1217 μέρη,

659 1244 744 1303 ut
793 1260 925 1326 par
970 1242 1117 1320 est,
1166 1241 1598 1321 sequuntur:
1664 1238 1838 1321 μέρη
1885 1236 1960 1300 δὲ
2004 1238 2268 1298 τούτων
2315 1236 2387 1299 τό
2435 1257 2507 1299 τε
2554 1236 3061 1300 ἀποδεικνύναι
3110 1240 3228 1302 καὶ

660 1346 733 1410 τὸ
780 1345 976 1412 λύειν
1021 1345 1138 1410 καὶ
1186 1345 1260 1408 τὸ
1309 1342 1509 1429 πάθη
1554 1341 2109 1429 παρασκευάζειν
2159 1343 2311 1407 οἷον
2356 1342 2557 1407 ἔλεον
2588 1344 2631 1426 ἢ
2657 1344 2880 1425 φόβον
2928 1345 2973 1428 ἢ
3007 1345 3226 1431 ὀργὴν

661 1453 777 1517 καὶ
826 1455 957 1518 ὅσα
1002 1458 1279 1516 τοιαῦτα
1326 1452 1444 1515 καὶ
1490 1453 1583 1515 ἔτι
1627 1449 1918 1535 μέγεθος
1967 1450 2084 1513 καὶ
2126 1450 2552 1535 μικρότητας.
2630 1449 2699 1513 h.
2755 1473 2814 1513 e.
2866 1451 3228 1537 probati0‚

660 1558 1029 1643 refutatio,
1096 1558 1316 1624 motio
1376 1557 1811 1640 animorum,
1878 1555 2347 1643 amplificatio
2393 1565 2466 1620 et
2515 1555 2911 1623 deminutio
2960 1580 3227 1623 rerum.

661 1667 859 1745 Quae
907 1671 1150 1753 partes
1183 1663 1487 1729 rationis
1521 1662 2038 1748 intelligendae
2089 1669 2280 1746 sunt,
2306 1662 2430 1727 ubi
2457 1660 2880 1728 Aristoteles
2929 1686 3228 1731 numero

660 1771 926 1863 plurali
974 1772 1285 1851 διανοίας
1334 1770 1510 1835 dicit
1542 1777 1624 1835 ut
1656 1772 1763 1834 24.
1818 1770 2052 1836 1460b
2105 1771 2183 1833 1:
2235 1774 2315 1854 τῇ
2359 1769 2432 1834 δὲ
2478 1767 2658 1848 λέξει
2706 1769 2814 1833 δεῖ
2852 1770 3224 1836 διαπονεῖν

659 1884 738 1947 ἐν
785 1886 922 1960 τοῖς
969 1882 1202 1966 ἀργοῖς
1245 1881 1524 1966 μέρεσιν
1571 1880 1688 1943 καὶ
1733 1881 1904 1963 μήτε
1948 1875 2217 1961 ἠθικοῖς
2260 1881 2428 1962 μήτε
2478 1877 2970 1963 διανοητικοῖς·
3045 1881 3228 1944 ἀπο-

661 1992 942 2076 κρύπτει
988 1987 1118 2073 γὰρ
1164 1985 1379 2050 πάλιν
1409 1990 1452 2070 ἡ
1478 1985 1641 2050 λίαν
1690 1983 1975 2071 λαμπρὰ
2006 1982 2182 2064 λέξις
2217 1986 2299 2048 τά
2326 2007 2394 2048 τε
2420 1983 2559 2070 ἤθη
2591 1986 2708 2048 καὶ
2741 1985 2857 2063 τὰς
2892 1984 3227 2066 διανοίας.

660 2101 733 2160 et
780 2098 843 2160 6.
895 2094 1133 2159 1450a
1177 2092 1302 2156 29:
1367 2094 1462 2156 ἔτι
1507 2094 1636 2156 ἐάν
1684 2114 1780 2170 τις
1825 2089 2068 2176 ἐφεξῆς
2114 2090 2213 2176 θῇ
2257 2092 2483 2177 ῥήσεις
2547 2089 2794 2175 ἠθικὰς
2841 2093 2958 2155 καὶ
3006 2090 3225 2173 λέξεις

662 2203 776 2267 καὶ
825 2202 1135 2282 διανοίας
1181 2203 1258 2265 εὖ
1305 2202 1772 2285 πεποιημένας
1843 2199 1996 2284 (οὐ)
2056 2201 2325 2283 ποιήσει
2388 2202 2425 2261 ὃ
2490 2201 2581 2283 ἦν
2650 2206 2765 2283 τῆς
2834 2201 3221 2284 τραγωδίας

659 2312 883 2396 ἔργον,
952 2307 1132 2372 ἀλλὰ
1210 2306 1394 2371 πολὺ
1464 2306 1737 2388 μᾶλλον
1785 2310 1828 2390 ἡ
1875 2305 2421 2391 καταδεεστέροις
2498 2309 2759 2384 τούτοις
2838 2309 3227 2393 κεχρημένη

659 2416 1024 2504 τραγωδία,
1069 2418 1324 2498 ἔχουσα
1350 2415 1423 2480 δὲ
1444 2413 1679 2495 μῦθον
1726 2415 1842 2478 καὶ
1880 2416 2212 2479 σύστασιν
2249 2413 2676 2498 πραγμάτων
2696 2436 2720 2490 ,·
2766 2412 2894 2477 ubi
2925 2412 3223 2496 quidem

659 2523 1056 2590 Vahlenius
1115 2528 1227 2602 et,
1306 2521 1426 2607 qui
1475 2543 1633 2586 eum
1708 2520 2055 2606 sequitur,
2126 2520 2184 2584 I.
2233 2519 2572 2605 Bywater
2639 2517 3083 2601 (Aristotelis
3137 2520 3223 2585 de

660 2637 816 2698 arte
867 2630 1146 2720 poetica
1194 2629 1394 2696 liber.
1447 2627 1702 2695 Oxonii
1754 2628 1953 2711 1898)
2003 2633 2249 2695 contra
2298 2627 2512 2692 fidem
2558 2626 2903 2694 librorum
2951 2633 3223 2694 temere

661 2740 1056 2830 depravare
1105 2738 1536 2827 scripturam
1584 2737 1927 2804 videntur
1974 2736 2115 2799 ita:
2165 2737 2390 2821 ῥήσεις
2438 2733 2686 2819 ἠθικὰς
2737 2736 2855 2799 καὶ
2888 2733 3065 2816 λέξει
3102 2739 3222 2802 καὶ

661 2848 934 2933 διανοίᾳ
967 2848 1043 2912 εὖ
1076 2848 1559 2930 πεποιημένας.
1610 2845 1807 2921 Quae
1858 2843 2123 2931 optime
2172 2842 2640 2930 Gomperzius
2690 2843 2954 2908 vertit:
3011 2844 3226 2932 ⁷‚Fer-

660 2977 788 3021 ner
836 2976 1042 3019 wenn
1083 2951 1374 3038 jemand
1426 2951 1903 3016 meisterliche
1954 2949 2680 3035 Charakter-Reden,
2730 2931 3223 3017 Glanzstiicke

658 3062 782 3127 der
830 3060 1122 3138 Diction
1168 3060 1314 3124 und
1377 3060 1498 3124 der
1564 3057 1934 3124 Reflexion
1983 3081 2073 3123 an
2121 3057 2463 3122 einander
2522 3058 2768 3124 reihen
2834 3059 3097 3144 wollte‚
3148 3084 3223 3128 so

661 3168 903 3236 wurde
952 3192 1027 3234 er
1074 3168 1279 3233 nicht
1328 3168 1454 3233 das
1504 3167 1780 3251 leisten,
1830 3190 1977 3232 was
2026 3167 2175 3232 sich
2226 3190 2357 3232 uns
2399 3167 2502 3232 als
2541 3167 2653 3232 die
2702 3167 3041 3254 Aufgabe
3092 3171 3217 3237 des

660 3275 1148 3364 Trauerspiels
1197 3274 1484 3360 gezeigt
1532 3274 1725 3339 hat“.

872 3383 1008 3448 Sed
1059 3382 1236 3447 haec
1285 3383 1502 3470 plana
1552 3387 1721 3447 sunt
1769 3404 1998 3466 neque
2070 3381 2386 3467 longiore
2451 3383 2933 3471 explicatione
2982 3394 3223 3472 egent,

659 3512 842 3576 quae
891 3495 1287 3575 sequuntur
1337 3489 1771 3555 difficiliora:
1827 3489 2041 3573 δῆλον
2091 3490 2164 3555 δὲ
2201 3492 2297 3555 ὅτι
2346 3493 2460 3555 καὶ
2508 3495 2586 3556 ἐν
2634 3499 2771 3572 τοῖς
2818 3494 3225 3579 πράγμασιν

659 3597 798 3662 ἀπὸ
847 3599 985 3663 τῶν
1034 3599 1265 3664 αὐτῶν
1316 3594 1518 3663 ἰδεῶν
1567 3597 1676 3661 δεῖ
1713 3595 2015 3683 χρῆσθαι
2064 3599 2230 3662 ὅταν
2277 3600 2320 3682 ἢ
2367 3598 2631 3663 ἐλεεινὰ
2679 3602 2722 3683 ἢ
2769 3601 2961 3665 δεινὰ
3010 3604 3053 3685 ἢ
3097 3625 3218 3683 με-

660 3705 840 3792 γάλα
887 3706 930 3788 ἢ
975 3704 1205 3769 εἰκότα
1254 3702 1367 3789 δέῃ
1417 3701 2004 3790 παρασκευάζειν·
2071 3703 2258 3789 πλὴν
2322 3712 2652 3770 τοσοῦτον
2722 3706 3058 3794 διαφέρει,
3113 3711 3228 3774 δτι

661 3813 741 3879 τὰ
789 3813 918 3895 μὲν
965 3811 1074 3877 δεῖ
1113 3808 1491 3896 φαίνεσθαι
1550 3812 1721 3874 ἄνευ
1788 3810 2267 3890 διδασκαλίας,
2329 3813 2409 3876 τὰ
2458 3812 2531 3877 δὲ
2577 3815 2655 3878 έν
2701 3820 2793 3897 τῷ
2841 3813 3024 3899 λόγῳ
3070 3817 3216 3880 ὑπὸ

661 3925 781 3984 τοῦ
843 3918 1158 4005 λέγοντος
1221 3916 1879 4005 παρασκευάζεσθαι
1949 3920 2065 3983 καὶ
2132 3920 2321 4006 παρὰ
2384 3920 2504 3984 τὸν
2566 3920 2780 4006 λόγον
2846 3923 3227 4008 γίγνεσθαι.

662 4026 928 4092 Eorum
995 4025 1302 4114 primum
1370 4025 1654 4110 singula
1722 4024 2111 4110 quaedam,
2184 4025 2268 4090 de
2331 4027 2589 4111 quibus
2654 4028 2962 4095 maxima
3011 4053 3230 4120 saepe

663 4132 1145 4220 interpretum
1196 4131 1538 4198 dissensio
1591 4137 1719 4215 est,
1771 4131 2018 4219 paucis
2067 4132 2462 4221 explicabo,

875 4240 953 4306 ἐν
1000 4245 1135 4321 τοῖς
1183 4240 1585 4326 πράγμασιν
1616 4238 1748 4305 hoc
1783 4260 1841 4303 e.
1869 4241 1946 4304 έν
1978 4245 2066 4323 τῷ
2098 4238 2318 4324 μύθῳ,
2363 4262 2531 4306 nam
2580 4241 2684 4306 ita
2734 4242 3041 4309 alterum
3091 4268 3229 4333 pro

663 4346 889 4413 altero
939 4345 1353 4434 saepissime
1415 4345 1679 4410 dicitur
1731 4351 1860 4410 aut
1907 4350 2293 4430 utrumque
2359 4347 2839 4433 coniungitur,
2910 4351 2978 4415 id
3032 4354 3231 4436 quod

665 4452 807 4520 iam
857 4475 943 4520 ex
992 4453 1221 4543 ipsius
1269 4452 1558 4518 fabulae
1609 4452 2025 4518 definitione
2076 4458 2312 4540 patet:
