3552 5297
587 359 631 422 6

587 569 671 635 τὰ
732 576 846 655 τῆς
909 568 1220 651 διανοίας
1279 558 1480 658 μέρη)
1565 569 1705 634 ὑπὸ
1768 575 1890 636 τοῦ·
1935 568 2252 655 λέγοντος
2300 549 2960 657 παρασκευάζεσθαι
3025 573 3145 637 καὶ

589 677 782 763 παρὰ
830 676 952 741 τὸν
998 676 1214 762 λόγον
1259 675 1631 764 γίγνεσθαι.
1678 675 1816 741 Sed
1843 699 1933 741 ne
1957 676 2130 760 quid
2177 683 2556 757 mutemuS,
2598 676 2751 744 loco
2785 677 3147 746 simillimo

588 790 937 864 vetamur,
1010 784 1135 869 qui
1203 790 1313 850 est
1381 783 1570 849 infra
1617 784 1725 849 20.
1778 785 2018 850 1457a
2065 784 2188 848 12:
2255 785 2334 848 ἐν
2380 784 2513 870 γὰρ
2559 789 2695 864 τοῖς
2740 785 3012 866 διπλοῖς
3065 789 3149 850 ού

587 889 920 978 χρώμεθα
968 895 1059 971 ὡς
1081 885 1223 956 ’καὶ
1272 891 1436 958 αὐτὸ
1484 889 1650 955 καθ’
1697 891 1862 955 αὐτὸ
1910 896 2276 976 σημαῖνον,
2346 890 2499 955 οἷον
2537 891 2617 956 ἐν
2671 898 2763 976 τῷ
2816 891 3150 979 Θεοδώρῳ

589 999 663 1063 τὸ
693 998 925 1085 δῶρον
950 1001 1032 1064 ού
1062 1001 1397 1084 σημαίνει.
1443 999 1597 1063 Ηοο
1630 998 1783 1064 loco
1814 1020 2041 1083 neque
2075 997 2517 1087 praepositio
2548 1001 2628 1064 ἐν
2660 997 2880 1064 deleri
2918 993 3170 1085 neque⁸

591 1104 981 1190 quidquam
1029 1105 1180 1171 sine
1229 1127 1503 1170 summa
1552 1127 1797 1171 eorum
1859 1126 2039 1189 quae
2100 1104 2438 1190 leguntur
2500 1104 2914 1171 turbatione
2976 1106 3149 1170 addi

590 1218 872 1301 potest,
942 1213 1069 1277 ubi
1145 1218 1387 1278 tamen
1462 1234 1691 1296 neque
1783 1210 2335 1296 Ueberwegium
2425 1233 2655 1297 neque
2750 1211 3150 1279 Christium

587 1318 901 1384 haesisse
948 1318 1181 1385 video.
1229 1318 1426 1383 Haec
1471 1317 1684 1402 enim,
1731 1339 1913 1402 quae
1944 1317 2339 1383 Hermanni
2368 1323 2442 1382 et
2476 1317 2780 1384 Christii
2813 1325 2887 1383 et
2918 1342 3150 1409 nuper

589 1424 957 1511 Bywateri
1004 1424 1247 1513 opinio
1295 1431 1423 1504 est,
1478 1425 1569 1490 ad
1639 1425 1877 1513 ipsum
1924 1424 2156 1489 redire
2205 1431 2569 1490 auctorem
2618 1425 2960 1492 videntur
3011 1427 3151 1514 „fe-

591 1532 952 1597 stinanter
1022 1538 1095 1597 et
1157 1554 1413 1620 parum
1460 1531 1907 1599 considerate
1986 1531 2418 1597 scribentem
2497 1538 2734 1618 atque,
2811 1540 2895 1600 ut
2942 1534 3025 1599 fit
3074 1534 3151 1599 in

591 1661 799 1727 opere
879 1640 1308 1708 adumbrato
1378 1640 1502 1705 sed
1572 1661 1936 1727 nunquam
2005 1640 2291 1723 relecto,
2365 1640 2554 1724 quod
2624 1642 2842 1706 semel
2913 1641 3148 1718 minus

590 1753 785 1812 recte
833 1747 1240 1837 scripserat,
1275 1748 1630 1813 intactum
1663 1746 2221 1832 relinquentem“
2263 1745 2400 1830 (Of.
2428 1747 2769 1833 Bywater
2792 1748 2867 1811 in
2891 1748 3150 1836 praef.)

799 1855 1082 1940 Itaque,
1131 1877 1312 1941 quae
1337 1854 1608 1939 induxi,
1634 1876 1739 1939 ea,
1772 1860 1857 1920 ut
1881 1855 2077 1921 locus
2118 1854 2608 1940 intellegatur,
2657 1855 3150 1923 subaudienda

589 1984 742 2028 esse
791 1985 1063 2048 censeo,
1110 1985 1339 2049 neque
1385 1968 1651 2047 tamen,
1698 1961 1973 2027 nisime
2006 1961 2284 2027 animus
2318 1961 2533 2047 fallit,
2583 1963 2664 2028 τὰ
2690 1969 2803 2048 τῆς
2836 1963 3151 2044 διανοίας

591 2071 785 2157 μέρη,
831 2069 903 2134 id
953 2070 1141 2154 quod
1188 2069 1586 2136 Vahlenius
1631 2068 2020 2135 mantissae
2069 2093 2138 2156 p.
2187 2070 2319 2133 207
2369 2069 2506 2153 (ed.
2539 2069 2707 2153 ΠΙ.)
2754 2068 2976 2153 iubet,
3025 2070 3150 2136 sed

593 2178 673 2242 τὰ
705 2179 784 2244 ἐν
816 2184 952 2259 τοῖς
985 2179 1338 2263 πράγμασι
1382 2178 1575 2266 μέρη.
1624 2175 1833 2241 Aliae
1881 2176 2074 2241 enim
2105 2182 2274 2241 sunt
2303 2176 2608 2247 rationis
2641 2183 2910 2264 partes,
2960 2177 3148 2243 aliae

594 2272 957 2350 actionum
977 2291 1049 2349 et
1068 2284 1380 2351 fabulae.
1406 2284 1737 2351 Rationis
1755 2289 2000 2371 partes
2020 2288 2210 2367 sunt,
2236 2305 2412 2368 quas
2438 2305 2657 2372 supra
2677 2285 3152 2370 enumeravit,

594 2392 670 2455 τό
704 2413 775 2456 τε
806 2392 1302 2458 ἀποδεικνύναι
1336 2393 1452 2456 καὶ
1481 2391 1556 2455 τὸ
1588 2391 1783 2457 λύειν
1820 2391 1937 2456 καὶ
1970 2391 2042 2455 τὸ
2074 2389 2275 2476 πάθη
2319 2390 2910 2476 παρασκευάζειν.
2933 2442 2946 2456 .
2974 2442 2987 2455 .
3035 2394 3153 2458 καὶ

597 2500 688 2564 ἔτι
717 2496 1004 2585 μέγεθος
1031 2499 1147 2564 καὶ
1176 2500 1612 2586 μικρότητας,
1639 2496 1931 2564 fabulae
1965 2504 2205 2564 autem
2238 2499 2650 2584 περιπέτεια,
2675 2499 3155 2586 ἀναγνώρισις,

595 2604 842 2687 πάθος.
921 2604 1060 2691 (Cf.
1112 2608 1213 2672 11.
1268 2606 1499 2673 145Οό
1546 2605 1622 2672 9;
1695 2606 1821 2672 δύο
1884 2607 2013 2688 μὲν
2084 2607 2214 2671 οὖν
2281 2612 2400 2670 τοῦ
2464 2604 2700 2688 μύθου
2773 2607 2947 2694 μέρη
2994 2608 3153 2695 περὶ

595 2715 779 2778 ταῦτ’
823 2714 982 2795 ἐστὶ,
1028 2716 1414 2801 περιπέτεια
1461 2715 1577 2781 καὶ
1626 2715 2105 2801 άναγνώρισις,
2151 2716 2381 2800 τρίτον
2427 2714 2502 2779 δὲ
2545 2712 2832 2800 πάθος).
2911 2713 3154 2800 Atque

599 2820 685 2884 de
732 2821 1032 2888 rationis
1081 2821 1407 2910 partibus
1457 2822 1532 2887 in
1578 2821 1782 2887 libris
1827 2820 2236 2905 rhetoricis,
2310 2820 2395 2885 de
2442 2820 2691 2888 fabula
2740 2820 2816 2885 in
2864 2820 3151 2910 poetica

597 2926 950 2993 uberrime
1000 2929 1427 3017 disputavit.
1494 2929 1689 2995 Haec
1738 2928 1964 3015 igitur
2029 2927 2263 2994 dicere
2311 2928 2596 2994 videtur
2643 2950 2731 2993 ex
2778 2927 2908 3013 iis,
2968 2950 3154 3013 quae

598 3057 814 3124 supra
864 3035 950 3101 de
996 3035 1246 3102 fabula
1294 3037 1657 3121 docuerat,
1707 3034 2172 3102 manifestum
2205 3057 2355 3101 esse
2389 3035 2608 3101 etiam
2655 3033 2944 3103 fabulae
2991 3056 3156 3123 par-

598 3142 794 3208 tibus
845 3143 936 3209 ab
984 3143 1237 3210 iisdem
1284 3144 1459 3211 locis
1529 3143 1876 3210 utendum
1926 3165 2100 3228 esse,
2166 3165 2328 3208 cum
2375 3165 2495 3209 eas
2546 3148 2801 3231 poetae
2854 3149 2983 3209 aut
3029 3142 3159 3207 mi-

601 3251 944 3318 serabiles
1015 3259 1142 3319 aut
1209 3253 1626 3319 metuendas
1696 3259 1825 3318 aut
1877 3274 2019 3319 non
2081 3250 2532 3317 incredibiles
2606 3250 2836 3318 videri
2905 3250 3157 3335 velint,

599 3358 742 3425 nisi
790 3359 968 3426 illud
1033 3360 1393 3444 interesse,
1457 3360 1643 3446 quod
1708 3365 1951 3448 partes
2001 3358 2293 3425 fabulae
2340 3358 2536 3424 nullo
2585 3358 2882 3424 docente
2930 3363 3006 3423 et
3052 3356 3158 3423 di-

601 3474 827 3550 cente,
877 3466 945 3532 h.
994 3489 1053 3532 e.
1102 3468 1255 3532 sine
1304 3467 1622 3534 oratione
1670 3468 1853 3532 tales
1903 3465 2132 3532 videri
2202 3465 2553 3550 debeant,
2620 3472 2863 3554 partes
2912 3470 3158 3531 autem

602 3574 907 3643 rationis
943 3575 1161 3659 abeo,
1210 3575 1334 3661 qui
1382 3576 1581 3661 dicit,
1632 3575 1874 3665 parari
1922 3580 2139 3661 atque
2188 3574 2511 3640 oratione
2560 3572 2751 3639 effici
2800 3579 3157 3662 oporteat.

604 3681 875 3759 Quibus
970 3681 1368 3750 doctrinam
1462 3681 1549 3747 de
1626 3680 1875 3747 fabula
1947 3679 2438 3769 componenda
2501 3680 2763 3746 iterum
2827 3681 3157 3769 supplere

603 3796 817 3876 atque
865 3790 1192 3856 stabilire
1252 3790 1563 3858 videtur.
1635 3789 1833 3855 Haec
1881 3787 2073 3853 enim
2143 3787 2374 3876 poetis
2454 3793 2700 3875 aperte
2774 3786 3158 3876 praecipit,

604 3919 786 3984 quae
833 3897 975 3986 ipsi
1020 3897 1311 3964 fabulae
1360 3898 1790 3985 imponenda
1840 3896 2007 3980 sint,
2055 3917 2143 3961 ne
2180 3917 2262 3960 ea
2297 3918 2368 3961 se
2404 3894 2729 3961 oratione
2779 3893 3159 3961 effecturos

605 4028 757 4072 esse
826 4006 1187 4073 confidant
1274 4004 1381 4071 Cf.
1456 4006 1559 4071 14.
1637 4005 1863 4070 1453b
1915 4005 2033 4070 11:
2106 4003 2253 4068 ἐπεὶ
2320 4002 2393 4067 δὲ
2439 4004 2563 4087 τὴν
2611 4002 2751 4067 άπὸ
2799 4000 2996 4068 ἐλέου
3044 4003 3162 4067 καὶ

608 4116 827 4200 φόβου
897 4112 1008 4179 διὰ
1083 4116 1426 4200 μιμήσεως
1503 4112 1613 4177 δεῖ
1674 4111 1939 4197 ἡδονὴν
2023 4108 2581 4195 παρασκευάζειν
2658 4109 2781 4174 τὸν
2849 4112 3163 4195 ποιητήν,

612 4221 923 4308 φανερὸν
972 4223 1063 4301 ὡς
1111 4226 1307 4284 τοῦτο
1356 4221 1435 4286 ἐν
1484 4225 1620 4300 τοῖς
1666 4221 2068 4306 πράγμασιν
2114 4219 2537 4302 ἐμποιητέον,
2583 4220 2658 4280 et
2684 4238 2895 4302 quem
2943 4237 3163 4304 supra

608 4328 991 4394 attulimus
1041 4320 1272 4392 locuin
1298 4327 1359 4392 6.
1399 4326 1636 4392 1450a
1682 4325 1788 4390 29.
1839 4324 2161 4390 Eandem
2212 4321 2619 4411 opinionem
2670 4322 2755 4387 de
2805 4328 3164 4411 apparatu

607 4434 883 4502 scenico
934 4417 1340 4500 adhibendo
1390 4454 1606 4521 supra
1654 4429 2191 4521 pronuntiavit:
2244 4430 2348 4496 14.
2402 4429 2632 4495 1453b
2682 4430 2754 4494 1:
2803 4432 2988 4497 ἔστιν
3033 4429 3165 4511 μὲν

610 4543 739 4610 οὖν
785 4542 858 4610 τὸ
910 4541 1210 4629 φοβερὸν
1258 4542 1374 4608 καὶ
1419 4539 1721 4608 ἐλεεινὸν
1767 4542 1843 4605 ἐκ
1891 4545 2007 4626 τῆς
2053 4540 2277 4619 ὄψεως
2325 4535 2715 4626 γίγνεσθαι,
2784 4538 3027 4604 ἔστιν
3072 4535 3167 4602 δὲ
