3552 5297
611 350 664 414 8

612 563 788 629 iuris
838 569 1005 630 sunt
1050 563 1311 643 factae,
1346 586 1472 629 eae
1508 570 1907 652 temporum
1947 564 2227 629 ratione
2274 563 2529 630 habita
2577 564 2969 651 diligenter
3016 589 3170 654 per-

614 670 1016 747 censendae
1057 690 1209 736 esse
1256 671 1615 737 videntur.
1666 672 1850 737 Sunt
1899 677 2139 736 autem
2188 672 2362 736 hae:

874 779 933 845 l.
980 777 1242 844 Madii:
1291 782 1335 863 ἡ
1383 779 1528 844 ἰδέα
1559 779 1623 863 ¹).

870 886 933 951 2.
983 883 1456 951 Castelvetri:
1504 886 1635 973 ἢδη
1659 887 1731 972 ²).

871 992 933 1057 3.
983 992 1433 1079 Tyrwhittii:
1482 994 1613 1081 ἤδη
1660 997 1704 1057 ἂ
1752 995 1862 1060 δεῖ
1882 997 1952 1080 3).

865 1100 926 1164 4.
976 1100 1458 1187 Bernhardyi:
1508 1103 1568 1166 εἰ
1614 1105 1981 1188 εὐφραίνοι
2027 1102 2108 1166 τὰ
2153 1102 2320 1187 ἡδέα
2341 1103 2414 1183 ¹⁴).

783 1284 796 1295 ·
867 1208 929 1272 5.
980 1206 1384 1295 Spengelii:
1431 1213 1475 1294 ἡ
1522 1208 1796 1275 διάνοια
1850 1210 2051 1294 (αὐτὴ
2101 1210 2185 1274 δι’
2234 1212 2484 1294 αὐτῆς)
2516 1212 2584 1294 5).

866 1314 929 1378 6.
981 1315 1041 1380 7.
1091 1314 1466 1380 Vahlenii:
1516 1315 1557 1402 ᾗ
1606 1316 1743 1380 δέοι
1768 1316 1818 1398 6>
1868 1323 1941 1380 et
1989 1312 2216 1381 altera
2263 1321 2307 1402 ἡ
2356 1317 2632 1382 διάνοια
2667 1318 2737 1399 ⁷).

864 1421 928 1486 8.
979 1421 1426 1487 Susemihlii:
1474 1423 1605 1509 ἤδη
1652 1424 1736 1488 δι’
1785 1425 1958 1488 αὐτοὶ
1977 1425 2048 1505 8).

868 1529 930 1594 9.
978 1530 1071 1594 M.
1121 1529 1534 1595 Schmidtii:
1584 1533 1644 1596 εἰ
1690 1533 1852 1616 (μὴ)
1903 1539 2196 1616 φανοῖτο
2245 1534 2412 1598 ἔνια.
2485 1530 2639 1618 „An
2687 1531 2921 1598 dieser
2969 1554 3164 1597 man-

608 1634 904 1725 nigfaoh
971 1637 1453 1702 behandelten
1520 1636 1742 1702 Stelle
1794 1637 1937 1701 will
1989 1638 2179 1703 mein
2227 1638 2408 1703 Text
2458 1632 2889 1724 wenigstens
2938 1644 3164 1705 etwas

607 1743 958 1809 Lesbares
1003 1744 1271 1830 geben“
1298 1746 1369 1824 9).

824 1852 926 1916 10.
976 1849 1316 1917 Ohristii:
1365 1853 1533 1938 ἡδέα
1579 1854 1667 1938 (ἢ
1715 1854 1907 1918 δεινὰ
1957 1855 2167 1937 αὐτὰ)
2204 1854 2308 1937 ¹⁰).

633 1976 640 1983 ·
737 1986 742 1992 ·
821 1960 923 2026 11.
973 1959 1452 2048 Gomperziiz·
1486 1960 1616 2047 ἤδη
1673 1965 1753 2047 τῇ
1815 1959 1976 2046 θέᾳ,
2022 1984 2342 2046 quorum
2418 1962 2614 2049 prius
2687 1961 3159 2046 CastelvetrO,

606 2065 1006 2152 posteriora
1055 2065 1437 2161 Spengelio
1487 2067 1901 2134 auctoribus
1933 2068 2036 2151 ¹¹).

821 2173 924 2238 12.
970 2166 1547 2259 Margolioiithii:
1626 2175 1859 2262 „Fort.
1930 2177 1989 2239 εἰ
2055 2160 2366 2259 φαίνοιτο
2433 2180 2475 2261 ἡ
2525 2175 2864 2251 διάνοιαα.
2934 2175 3041 2239 Re
3088 2181 3161 2240 et

605 2279 813 2347 modo
861 2280 1294 2347 Vahlenium
1340 2272 1489 2347 fere
1536 2281 1862 2368 sequitur
1890 2282 1993 2363 ¹2).

817 2387 905 2452 In
952 2388 1209 2474 quibus
1257 2388 1692 2456 coniciendis
1740 2390 2063 2478 plerique
2110 2390 2250 2455 viri
2284 2389 2478 2457 docti
2511 2412 2591 2456 eo
2625 2389 2805 2455 mihi
2853 2389 3158 2454 maxime
3242 2397 3257 2409 ¹

611 2457 849 2561 errare
896 2495 1258 2580 videntur,
1308 2497 1496 2582 quod
1544 2520 1714 2564 voce
1762 2498 1929 2583 ἡδέα
1976 2498 2258 2564 sublata
2307 2498 2489 2563 nihil
2536 2497 2709 2581 fere,
2776 2497 2960 2582 quod
3014 2518 3159 2561 cer-

606 2605 761 2667 tum
808 2600 904 2669 sit
954 2608 1171 2688 atque
1222 2603 1635 2688 definitum,
1700 2603 2104 2672 restituunt
2175 2611 2388 2690 atque
2466 2603 2861 2670 Vahlenius
2910 2609 3156 2692 aperte

601 2708 1010 2776 universam
1086 2711 1445 2796 quandam
1515 2711 1883 2778 nationem
1954 2712 2363 2801 exspectari
2435 2712 2574 2777 sibi
2645 2711 2824 2777 dicit
2902 2711 3157 2777 videri.

599 2815 780 2881 Eiuts
838 2817 1030 2884 modi
1100 2817 1249 2883 fere
1321 2825 1490 2885 sunt
1559 2819 1684 2884 illa
1755 2820 1913 2907 ἤδη,
1976 2824 2018 2905 ἡ
2066 2820 2244 2901 ἰδέα,
2312 2820 2447 2907 ἢδη
2490 2823 2534 2883 ἃ
2583 2819 2691 2885 δεῖ
2752 2825 2825 2884 et
2874 2819 2986 2884 οἶα
3034 2818 3155 2899 δεῖ,

821 3030 863 3102 ¹)
899 3031 1155 3103 Madiu8‚
1192 3032 1266 3087 In
1291 3033 1632 3089 Aristotelis
1668 3034 1888 3088 librum
1916 3034 1988 3089 de
2014 3036 2242 3105 poetica
2281 3027 2748 3105 explanationes·
2773 3032 2962 3087 Venet
2989 3030 3145 3085 1550.

819 3118 862 3192 ²)
898 3120 1279 3193 Castelvetm,
1322 3121 1559 3179 Poetioa
1596 3124 1649 3179 d‘
1687 3125 2006 3179 Aristotele
2042 3124 2464 3196 vulgarirzata.
2502 3123 2670 3178 Vien.
2713 3120 2864 3176 1570.

818 3207 862 3281 ³)
897 3210 1220 3282 'l'y'rwhitt‚
1257 3213 1598 3268 Aristotelis
1625 3214 1697 3268 de
1723 3216 1959 3283 poetica
1996 3214 2161 3284 liber,
2199 3217 2334 3285 post
2372 3217 2622 3267 mortem
2661 3214 2920 3267 auctoris
2945 3228 2982 3265 a
3007 3205 3156 3264 Bur-

598 3300 793 3368 gessio
830 3297 1041 3354 editus.
1081 3300 1299 3355 Oxonii
1339 3301 1494 3356 1794.
2958 3325 2963 3328 ·

818 3385 864 3461 ⁴)
887 3386 1076 3468 ,flpud
1111 3387 1494 3463 Spengelium
1531 3390 1608 3446 of.
1647 3395 1791 3446 nota
1828 3408 1978 3462 quae
2015 3395 2301 3463 sequitur.

814 3475 860 3550 ⁸)
895 3477 1163 3551 Spengel,
1199 3479 1438 3551 Leonh.‚
1477 3480 1925 3535 Aristotelisohe
1961 3477 2226 3536 Studien.
2269 3481 2372 3537 1V.
2409 3481 2637 3536 Poetik.
2676 3477 3156 3549 Abhandlungen

598 3564 702 3620 der
741 3566 1065 3637 philosoph.
1122 3569 1324 3639 philol.
1380 3568 1580 3625 Classe
1617 3569 1670 3623 d,
1710 3571 1767 3624 k.
1806 3570 2005 3642 bayer.
2066 3569 2397 3625 Akademia
2448 3570 2503 3625 d.
2544 3568 2904 3623 Wissensoh.
2942 3567 3008 3621 B.
3046 3568 3153 3621 XI.

814 3745 858 3818 ⁶)
893 3743 1142 3816 Vahlen,
1180 3747 1290 3817 Jo.‚
1329 3750 1670 3804 Aristotelis
1707 3747 1780 3804 de
1817 3754 1945 3804 arte
1983 3752 2214 3821 poetica
2252 3749 2417 3804 liber.
2457 3749 2541 3804 ed.
2581 3747 2662 3803 ΙΙ.
2703 3747 2843 3803 1874
2881 3753 2942 3802 et

816 3835 859 3908 ⁷)
893 3835 1172 3908 Beitrage
1208 3855 1282 3891 zu
1320 3838 1685 3894 Aristoteles'
1723 3839 1951 3895 Poetik.
1990 3840 2102 3894 III.
2140 3857 2194 3910 p.
2232 3840 2340 3894 302
2375 3856 2459 3910 sq.

816 3924 860 3996 ⁸)
895 3925 1244 3981 Aristoteles
1280 3927 1424 3982 fiber
1460 3929 1556 3983 die
1592 3927 1975 3983 Dichtkunst.
2013 3929 2258 4001 Leipzig
2298 3929 2455 3983 1874.

814 4014 857 4086 ⁹)
892 4015 1163 4070 Schmidt
1199 4017 1298 4087 M„
1336 4018 1685 4073 Aristoteles
1722 4018 1866 4073 fiber
1903 4018 1997 4074 die
2034 4019 2417 4075 Diohtkunst.
2456 4018 2608 4075 Jena
2648 4017 2806 4072 1875.

816 4104 884 4177 ¹⁰)
919 4105 1119 4160 Christ
1155 4105 1306 4175 Gui.,
1345 4107 1685 4162 Aristotelis
1723 4108 1796 4163 de
1834 4114 1963 4163 arte
2002 4112 2231 4180 poetica
2268 4109 2435 4163 liber.
2472 4108 2712 4177 Lipsiae
2750 4105 2908 4161 1872.

817 4194 885 4267 ¹¹)
920 4195 1204 4265 Gomperz
1241 4196 1474 4265 Themi„
1516 4197 1866 4252 Aristoteles
1902 4197 2130 4253 Poetik.
2156 4198 2405 4269 Leipzig
2433 4197 2570 4252 1897
2597 4215 2653 4267 p.
2682 4195 2787 4250 105
2813 4202 2874 4250 et
2898 4194 3153 4265 Spengel

597 4281 836 4353 Leonh.,
890 4285 1239 4340 Aristoteles
1277 4286 1489 4341 Poetik
1528 4287 1652 4341 und
1689 4287 1824 4344 Joh.
1861 4287 2122 4345 Vahlens
2159 4293 2369 4342 neuste
2405 4286 2809 4357 Bearbeitung
2846 4285 3147 4342 dei-selben

592 4371 836 4447 Leipzig
874 4374 1028 4429 1875.

822 4463 891 4536 ¹²)
927 4461 1348 4536 Margoliouth,
1404 4466 1490 4536 D.‚
1547 4464 1841 4520 Analecta
1878 4466 2193 4520 orientalia
2244 4465 2320 4519 ad
2370 4468 2661 4536 poeticam
2721 4464 3144 4519 Aristoteleam

592 4544 848 4609 Londini
888 4553 1044 4609 1887.
