3552 5297
619 381 663 445 2

620 597 864 658 autem
897 611 1139 658 eorum
1172 594 1339 655 sunt
1372 590 1698 678 probare,
1745 589 2086 675 refutare,
2136 591 2725 679 perturbationes
2774 594 3177 661 animorum

617 721 924 783 movere,
972 704 1056 763 ut
1105 696 1666 764 misericordiam
1715 704 1845 765 aut
1894 704 2166 764 metum
2216 707 2348 764 aut
2396 699 2601 787 iram,
2652 707 2725 766 et
2758 723 2940 785 quae
2988 709 3184 786 sunt,

620 812 858 872 cetera
906 804 1278 887 eiusmodi,
1329 811 1715 894 praeterea
1750 805 2357 895 resssa'm‘plifioare
2409 813 2483 871 et
2530 807 2872 874 minuere.
2953 809 3179 874 Mani-

594 914 885 1000 ‘festum
934 918 1178 979 autem
1244 918 1353 978 est
1423 912 1642 978 etiam
1722 914 2059 1001 partibus
2134 914 2496 980 actionum
2549 915 2640 981 ab
2689 916 2941 982 iisdem
3007 917 3184 983 locis

620 1021 968 1088 utendum
1017 1043 1192 1104 esse,
1256 1042 1416 1086 eum
1464 1019 1612 1084 sint
1675 1026 1804 1085 aut
1871 1021 2316 1087 miserabiles
2386 1029 2513 1087 aut
2579 1022 3005 1088 metuendae
3055 1030 3185 1089 aut

617 1151 923 1216 magnae
957 1134 1082 1195 aut
1113 1151 1254 1195 non
1287 1128 1740 1194 incredibiles
1791 1131 2195 1218 parandae3
2244 1130 2385 1196 nisi
2432 1130 2565 1197 hoo
2615 1132 2942 1216 interest,
2991 1132 3179 1217 quod

614 1244 858 1326 'partes
905 1234 1196 1302 fabulae
1244 1235 1440 1302 nullo
1491 1236 1796 1303 docente
1830 1237 1931 1302 sio
1966 1260 2334 1327 apparere,
2389 1245 2630 1327 partes
2681 1247 2947 1325 autem,
2996 1262 3181 1325 quae

618 1345 964 1413 orationis
998 1351 1184 1429 sunt,
1213 1344 1302 1409 ab
1331 1367 1433 1428 eo,
1469 1345 1593 1430 qui
1620 1345 1824 1431 dicit,
1872 1347 2115 1435 parari
2150 1353 2223 1412 et
2258 1347 2582 1413 oratione
2631 1346 2824 1413 effici
2872 1354 3176 1438 oportet.

618 1454 815 1532 Quod
854 1453 1042 1519 enim
1077 1474 1333 1517 munus
1368 1452 1674 1518 dicentis
1725 1458 1933 1538 esset,
1984 1454 2044 1519 si
2091 1454 2337 1521 ratio
2385 1454 2603 1520 etiam
2654 1454 2807 1521 sine
2856 1456 3179 1523 oratione

614 1584 777 1650 pers
783 1559 1181 1650 piceretur“
1197 1612 1208 1624 .

832 1666 1340 1745 Quaestionem
1408 1666 1493 1731 de
1540 1666 1822 1733 ratione
1888 1668 2251 1754 (διάνοια),
2315 1692 2496 1755 quae
2545 1670 2960 1755 tragoediae
3007 1693 3176 1759 pars

616 1783 745 1861 est,
795 1798 953 1841 eum
987 1776 1128 1839 iam
1170 1774 1440 1839 dudum
1474 1774 1648 1839 mihi
1691 1782 1849 1862 post
1898 1775 2015 1840 Io:
2066 1775 2504 1842 Vahlenium
2553 1776 2667 1860 (of.
2721 1776 3175 1844 Aristoteles'

616 1883 845 1947 Lehre
893 1903 1034 1948 von
1083 1881 1208 1945 der
1259 1878 1668 1967 Rangfolge
1718 1882 1844 1945 der
1893 1881 2141 1947 Theile
2192 1882 2316 1948 der
2366 1880 2784 1969 Tragoedie.
2836 1883 3175 1970 Symbola

615 1990 1145 2075 Philologorum
1224 1986 1702 2054 Bonnensium
1783 1987 1855 2052 in
1926 1989 2266 2056 honorem
2361 1988 2714 2055 Friderioi
2790 1991 3175 2056 Ritsehelii

615 2098 935 2162 oolleota.
987 2094 1276 2183 Lipsiae
1328 2094 1792 2179 1864—1867‚
1843 2097 2071 2184 p.170
2104 2108 2278 2182 sqq.)
2325 2098 2867 2163 retractandam
2918 2120 3177 2186 propo-

616 2204 940 2287 suissem,
991 2201 1146 2285 1061,
1197 2200 1319 2285 qui
1370 2200 1508 2266 11116
1562 2201 1947 2289 pertinent,
1997 2225 2239 2269 omnes
2290 2204 2754 2292 percensendi
2807 2204 2985 2269 mihi
3034 2205 3174 2291 pri-

615 2334 807 2376 mum
856 2317 1071 2395 atque
1135 2308 1682 2394 recognoscendi
1745 2309 2202 2377 videbantur.
2296 2313 2608 2390 Quorum
2674 2312 3176 2377 celeberrimus

615 2424 746 2503 est,
795 2417 918 2502 qui
968 2404 1053 2482 de
1105 2422 1293 2505 poet.
1344 2438 1498 2505 cap.
1534 2416 1744 2493 XIX.
1797 2417 2082 2501 legitur.
2135 2417 2564 2485 Aristoteles
2614 2420 2825 2503 enim,
2876 2441 3036 2484 oum
3086 2420 3175 2482 de

614 2531 960 2610 quattuor
1006 2524 1149 2591 illis
1198 2523 1610 2610 tragoediae
1679 2522 2042 2613 partibus,
2116 2526 2220 2590 de
2290 2525 2377 2591 fa
2400 2526 2646 2611 bula,
2719 2526 3174 2611 moribUS‚

615 2640 1089 2723 apparatu
1156 2632 1576 2717 scenico,
1637 2632 2060 2699 canticis
2132 2633 2413 2718 (μῦθος,
2482 2633 2691 2721 ἦθος,
2737 2633 3175 2717 ὄψις,μελο-

613 2746 840 2828 ποιία)
893 2742 1436 2831 disputavisset,
1487 2747 1728 2830 capite
1776 2741 1989 2806 XIX.
2039 2742 2130 2806 ad
2163 2742 2473 2829 reliquas
2509 2749 2753 2832 partes
2802 2743 3000 2827 duae,
3049 2766 3175 2807 ra-

614 2850 950 2915 tionem
1001 2856 1087 2914 et
1136 2848 1663 2914 orationem
1741 2849 2054 2922 (διάνοια
2104 2851 2218 2914 καὶ
2268 2847 2488 2935 λέξις)
2541 2851 2806 2916 transit
2855 2850 3173 2916 contrita

612 2957 736 3022 illa
785 2963 858 3020 et
927 2956 1227 3040 vulgata
1278 2955 1731 3022 transitionis
1796 2954 2103 3022 formula
2176 2979 2383 3021 usus:
2449 2960 2604 3044 περὶ
2649 2959 2779 3039 μὲν
2843 2960 2974 3021 οὖν
3035 2963 3176 3023 τῶν

615 3063 858 3128 ἄλλων
904 3062 1034 3147 ἤδη
1083 3065 1357 3149 εἴρηται,
1406 3062 1657 3128 λοιπὸν
1706 3063 1780 3127 δὲ
1824 3065 1980 3147 περὶ
2029 3061 2277 3143 λέξεως
2324 3066 2439 3128 καὶ
2488 3064 2798 3144 διανοίας
2843 3066 3082 3156 εἰπεῖν,

750 3207 767 3222 ·
827 3169 1028 3247 Quod
1095 3170 1168 3233 in
1217 3169 1419 3235 libris
1486 3167 1732 3251 λέξεως
1778 3173 1820 3254 ἢ
1867 3170 2179 3250 διανοίας
2234 3170 2527 3255 legitur,
2592 3171 2874 3237 librarii
2937 3171 3172 3236 ouius·
3215 3235 3232 3258 ‚

612 3279 775 3343 dam
825 3276 1037 3364 culpa
1072 3281 1181 3340 est
1213 3275 1487 3342 factum
1520 3277 1668 3342 vim
1701 3299 1784 3341 66
1817 3284 2152 3342 naturam
2201 3277 2396 3343 vocis
2447 3278 2721 3343 διάνοια
2768 3277 3171 3364 ignorantis

612 3391 685 3450 et
733 3390 928 3454 reete
975 3381 1424 3449 Hermannus
1473 3382 1718 3464 λέξεως
1748 3386 1866 3450 καὶ
1900 3383 2210 3464 διανοίας
2259 3384 2605 3449 restituit.
2655 3382 2933 3451 Διάνοια
2982 3385 3171 3449 6111111

614 3497 723 3555 est
791 3490 978 3558 ratio
1050 3496 1123 3554 et
1200 3491 1576 3556 eonsilium
1656 3490 1920 3577 agendi
1999 3490 2307 3574 (διάνοια
2371 3495 2783 3578 πρακτική),
2863 3513 3044 3576 quae
3096 3492 3170 3556 in

614 3597 996 3682 agentibus
1043 3603 1174 3680 est,
1224 3620 1437 3681 quam
1487 3597 1911 3664 Aristoteles
1948 3621 2090 3675 una
2123 3621 2282 3664 oum
2315 3598 2631 3664 moribus
2682 3621 2971 3663 oausam
3017 3622 3171 3664 esse

611 3706 970 3772 actionum
1019 3727 1233 3793 supra
1285 3704 1467 3769 dixit
1518 3706 1604 3788 (6.
1644 3706 1818 3771 1449
1845 3707 1879 3771 b
1909 3705 2031 3772 36:
2082 3708 2228 3772 ἐπεὶ
2257 3706 2330 3771 δὲ
2361 3704 2678 3792 πράξεως
2709 3709 2845 3772 ἐστὶ
2876 3709 3172 3793 μίμησις,

610 3814 972 3898 πράττεται
1036 3812 1110 3877 δὲ
1155 3813 1292 3876 ὑπὸ
1351 3819 1562 3877 τινῶν
1623 3815 2087 3899 πραττόντων,
2154 3819 2272 3893 οὓς
2332 3815 2603 3899 ἀνάγκη
2672 3817 2916 3893 ποιούς
2978 3837 3170 3895 τινας

612 3923 789 3986 εἶναι
838 3922 1009 3984 κατά
1057 3942 1125 3983 τε
1170 3920 1242 3983 τὸ
1292 3917 1466 4006 ἦθος
1528 3922 1644 3986 καὶ
1690 3923 1816 4005 τὴν
1864 3921 2200 4000 διάνοιαν,
2255 3922 2567 4005 πέφυκεν
2630 3923 2808 3986 αἴτια
2857 3921 2980 3986 δύο
3029 3928 3171 3986 τῶν

608 4023 936 4115 πράξεων
983 4028 1179 4106 εἶναι,
1226 4027 1545 4092 διάνοιαν
1594 4030 1708 4092 καὶ
1756 4027 1957 4112 ἦθος·
2022 4029 2133 4094 διὰ
2181 4029 2312 4118 γὰρ
2358 4033 2619 4094 τούτων
2668 4031 2784 4093 καὶ
2831 4030 2945 4108 τὰς
2991 4031 3169 4113 πρά-

610 4133 745 4220 ξεις
791 4133 972 4199 εἶναι’
1042 4156 1273 4219 φαμεν
1329 4136 1531 4215 ποιάς
1595 4157 1785 4215 τινας
1853 4138 1968 4200 καὶ
2033 4137 2206 4200 κατὰ
2270 4140 2516 4216 ταύτας
2588 4137 2706 4202 καὶ
2750 4135 3169 4221 τυγχάνουσι

612 4243 726 4308 καὶ
775 4243 1331 4327 ἀποτυγχάνουσι
1370 4244 1637 4322 πάντες.
1689 4240 1796 4308 Cf.
1846 4242 2201 4330 Gomperz
2252 4235 2516 4308 Theod.
2568 4244 2669 4308 Zu
2707 4241 3165 4318 ,Aristoteles'

610 4347 883 4418 Poetik.
955 4348 1097 4411 Ein
1168 4348 1466 4433 Beitrag
1537 4370 1664 4415 zur
1710 4349 1963 4414 Kritik
2031 4350 2180 4414 und
2249 4350 2662 4435 Erklarung
2711 4351 2835 4415 der
2882 4349 3164 4437 Oapitel

608 4454 862 4524 I-VI.
915 4454 1148 4518 Wien.
1201 4454 1375 4518 1888
1421 4478 1489 4542 p.
1539 4454 1626 4519 29
1674 4460 1823 4540 sq.).
1896 4456 2029 4520 Est
2079 4454 2337 4521 deinde
2383 4456 2568 4522 ratio
2613 4477 2762 4522 una
2810 4478 2975 4544 pars
3021 4461 3165 4520 tra-

526 4637 545 4652 ·
621 4562 919 4648 goediae
988 4561 1073 4626 de
1114 4560 1354 4626 ‘tribus
1428 4563 1521 4644 (h.
1563 4583 1631 4625 e.
1680 4561 1922 4642 μῦθος,
1966 4562 2175 4647 ἦθος,
2246 4564 2565 4648 διάνοια),
2625 4586 2863 4648 quas
2910 4568 3164 4652 poetae
