3552 5297
616 362 702 427 10

826 575 1043 640 Rhet.
1085 576 1151 640 2.
1203 576 1267 640 3.
1319 575 1560 640 1380a
1632 575 1722 639 34
1767 576 1884 638 καὶ
1950 580 2087 654 τοῖς
2137 574 2219 640 δι’
2264 575 2480 662 ὀργὴν
2539 578 2912 662 ποιήσασιν
2960 579 3004 660 ἢ
3050 581 3178 643 οὐκ

617 681 1013 770 ὀργίζονται
1072 685 1115 766 ἢ
1160 684 1363 767 ἧττον
1428 680 1850 768 ὀργίζονται·
1923 685 2005 747 οὐ
2053 683 2182 767 γὰρ
2230 682 2315 746 δι’
2370 681 2740 767 ὀλιγωρίαν
2805 685 3178 766 φαίνονται

614 787 875 877 πρᾶξαι
947 789 1208 877 (suppl.
1257 791 1317 853 εἰ
1363 788 1446 853 δι’
1517 790 1731 875 ὀργὴν
1803 778 2187 873 ἐποίησαν),
2252 788 2471 869 οὐδεὶς
2503 813 2510 819 ·
2547 790 2676 875 γὰρ
2738 789 3174 875 ὀργιζόμενος

614 896 961 983 ὀλιγωρεῖ,
1028 902 1101 960 613
1171 896 1402 960 multa
1473 895 1627 960 eius
1698 894 1891 961 modi
1964 895 2106 960 alia
2180 918 2421 983 presse
2470 902 2542 960 et
2591 896 2927 981 breviter,
2993 919 3172 983 quae

594 992 985 1070 'Bonitzius
1036 1003 1166 1067 sub
1215 1025 1280 1068 v.
1333 1004 1465 1090 γάρ
1511 1001 1811 1067 confert.

823 1110 959 1175 Hic
993 1110 1209 1193 locus,
1259 1109 1381 1194 qui
1415 1109 1680 1194 agitur,
1734 1108 1991 1196 prioris
2024 1110 2305 1194 generis
2340 1117 2467 1173 est.
2518 1109 2703 1173 Nam
2744 1108 3173 1176 Aristoteles

613 1240 774 1283 cum
819 1216 1258 1282 sententiam
1303 1215 1743 1304 superiorem
1793 1216 1873 1279 τὰ
1923 1214 1995 1279 δὲ
2044 1218 2122 1280 ἐν
2155 1222 2248 1300 τῷ
2281 1214 2463 1300 λόγῳ
2507 1216 2645 1280 ὑπὸ
2695 1222 2816 1281 τοῦ
2854 1216 3172 1301 λέγοντος

611 1322 1261 1412 παρασκευάζεσθαι
1330 1325 1445 1389 καὶ
1493 1324 1685 1409 παρὰ
1731 1324 1856 1388 τὸν
1903 1322 2116 1407 λόγον
2185 1321 2544 1409 γίγνεσθαι
2615 1323 2790 1408 (scil.
2843 1323 2966 1406 δεῖ)
3016 1325 3172 1390 bre-

610 1432 901 1499 vissime
949 1431 1054 1496 ita
1101 1431 1562 1519 comprobare
1612 1430 2002 1519 potuisset:
2080 1437 2278 1495 τοῦτο
2327 1432 2457 1517 γάρ
2502 1433 2641 1496 ἐστι
2687 1437 2809 1495 τοῦ
2854 1407 3172 1515 λέγάντος

609 1542 831 1626 ἔργον,
878 1539 1442 1624 interrogatione
1512 1560 1693 1623 quae
1760 1537 2023 1602 dicitur
2092 1538 2408 1604 oratoria
2477 1559 2647 1603 usus
2695 1537 2799 1602 ita
2849 1537 3059 1602 dicit:
3112 1541 3174 1605 τί

612 1648 744 1734 γὰρ
791 1649 881 1712 ἂν
928 1650 1031 1733 εἴη
1079 1652 1199 1710 τοῦ
1245 1645 1564 1732 λέγοντος
1630 1647 1852 1731 ἔργον,
1916 1646 2032 1710 cui
2085 1645 2306 1710 etiam
2357 1645 2681 1733 protasin
2729 1645 3064 1731 adiungit
3110 1647 3172 1713 εἰ

615 1760 907 1838 φανοῖτο
968 1753 1134 1840 ἡδέα
1196 1754 1311 1820 καὶ
1357 1756 1449 1838 μὴ
1499 1752 1610 1817 διὰ
1657 1753 1781 1817 τὸν
1826 1751 2058 1836 λόγον,
2129 1753 2373 1838 itaque
2443 1752 2942 1840 probationem
2989 1752 3171 1821 facit

610 1861 761 1927 eius
832 1860 1269 1928 consimilem
1340 1881 1519 1944 quae
1591 1859 1863 1944 legitur
1935 1859 2150 1925 Rhet.
2218 1861 2280 1925 2.
2355 1862 2410 1925 1.
2467 1860 2703 1925 1378a
2771 1860 2857 1923 23
2929 1859 3036 1924 δεῖ
3098 1859 3174 1927 δὲ

614 1968 900 2054 διαιρεῖν
947 1969 1028 2032 τὰ
1075 1970 1231 2054 περὶ
1280 1970 1574 2034 ἕκαστον
1619 1970 1713 2047 εἰς
1761 1970 1945 2053 τρία·
2010 1966 2185 2054 λέγω
2234 1967 2292 2032 δ’
2340 1968 2492 2032 οῖον
2538 1968 2693 2054 περὶ
2741 1969 2978 2053 ὀργῆς,
3021 1973 3170 2048 πῶς

616 2096 687 2138 τε
734 2074 1147 2156 διακείμενοι
1194 2075 1453 2161 ὀργίλοι
1501 2076 1646 2152 εἰσί,
1696 2076 1811 2141 καὶ
1860 2078 2034 2141 τίσιν
2070 2074 2405 2140 εἰώθασιν
2455 2072 2863 2162 ὀργίζεσθαι,
2910 2076 3170 2140 καὶέπὶ

612 2183 865 2259 ποίοις·
915 2183 974 2246 εἰ
1020 2182 1151 2268 γὰρ
1196 2182 1271 2246 τὸ
1318 2184 1446 2263 μὲν
1494 2187 1571 2248 ἓν
1617 2184 1660 2267 ἢ
1691 2183 1774 2246 τὰ
1824 2181 1947 2247 δύο
1995 2185 2268 2266 ἔχοιμεν
2315 2187 2598 2263 τούτων,
2645 2184 2925 2247 ἅπαντα
2957 2182 3031 2248 δὲ
3059 2186 3174 2268 μή,

593 2286 972 2368 4ἀδύνατον
1020 2290 1110 2353 ἂν
1157 2292 1260 2375 εἴη
1305 2291 1431 2374 τὴν
1494 2291 1708 2375 ὀργὴν
1770 2292 2098 2371 ἐμποιεῖν,
2157 2290 2464 2378 protasis
2530 2288 2719 2355 enim
2781 2288 3003 2354 etiam
3065 2289 3169 2354 ita

569 2392 572 2395 ’
612 2394 756 2459 dici
804 2402 1085 2483 potest,·
1154 2399 1213 2461 εἰ
1258 2396 1389 2482 γὰρ
1436 2398 1714 2461 ἅπαντα
1774 2399 2038 2461 τούτων
2083 2401 2176 2482 μὴ
2224 2400 2496 2480 ἔχοιμεν
2542 2397 2611 2463 h.
2670 2419 2729 2460 e.
2794 2398 2854 2460 εἰ
2900 2396 3031 2482 γὰρ
3074 2399 3170 2481 μὴ

612 2504 904 2584 ἔχοιμεν,
947 2508 1095 2583 πῶς
1143 2525 1215 2567 τε
1259 2503 1672 2584 διακείμενοι
1720 2502 1983 2588 ὀργίλοι
2030 2506 2176 2584 εἰσί,
2223 2506 2338 2569 καὶ
2384 2507 2559 2570 τίσιν
2607 2502 2942 2570 εἰώθασιν
2989 2505 3171 2590 ὀργί-
3215 2592 3221 2597 Δ

613 2607 869 2691 ζεσθαι,
917 2613 1032 2676 καὶ
1078 2613 1190 2677 ἐπὶ
1238 2613 1480 2691 ποίοις,
1526 2611 1876 2677 ἀδύνατον
1910 2613 2000 2676 ἂν
2031 2614 2133 2698 εἴη
2165 2614 2290 2697 τὴν
2323 2613 2535 2699 ὀργὴν
2580 2615 2910 2694 ἐμποιεῖν.
2963 2609 3170 2677 Unde

610 2717 828 2782 etiam
875 2718 1053 2784 illud
1104 2718 1283 2784 disci
1330 2725 1583 2806 potest,
1639 2720 2236 2803 quemadmodum
2285 2741 2367 2784 ea
2416 2720 2765 2807 protasis,
2832 2719 2891 2784 si
2943 2720 3167 2802 deest,

611 2846 699 2888 ex
746 2825 1233 2913 superioribus
1284 2826 1626 2891 struenda
1677 2826 1792 2891 sit.

824 2932 1244 2998 Statuamus
1295 2934 1521 3018 igitur
1568 2933 1789 2997 etiam
1839 2933 1912 2997 in
1963 2932 2248 3019 poetica
2314 2931 2778 2998 Aristotelem
2840 2933 3014 2998 haec
3061 2935 3169 2998 ita

611 3038 1011 3126 scripsisse:
1061 3041 1142 3105 τὰ
1191 3040 1266 3106 δὲ
1310 3041 1388 3105 ἐν
1436 3046 1527 3123 τῷ
1574 3040 1756 3125 λόγῳ
1803 3041 1938 3105 ὑπὸ
1987 3046 2109 3103 τοῦ
2157 3038 2473 3125 λέγοντος
2516 3038 3171 3125 παρασκευάζεσθαι

612 3147 728 3211 καὶ
774 3149 966 3234 παρὰ
1014 3149 1136 3213 τόν
1184 3147 1397 3233 λόγον
1444 3145 1803 3232 γίγνεσθαι
1849 3147 2028 3228 (scil.
2066 3147 2219 3230 δεῖ),
2252 3150 2314 3212 τί
2342 3148 2471 3233 γὰρ
2504 3149 2593 3212 ἂν
2627 3149 2731 3231 εἴη
2770 3153 2889 3211 τοῦ
2935 3146 3171 3231 λέγον-
3296 3163 3303 3169 ·

610 3277 721 3334 τος
770 3256 993 3341 ἔργον,
1036 3262 1118 3320 ut
1166 3254 1396 3320 oratio
1449 3255 1523 3319 in
1572 3255 1870 3341 apodosi
1918 3255 2313 3339 desineret,
2364 3253 2852 3338 faciamusque
2901 3252 3170 3341 pericu-

611 3362 757 3428 lum
805 3362 879 3427 in
928 3362 1205 3451 protasi
1255 3385 1343 3427 ex
1378 3362 1774 3454 sententia,
1826 3384 2007 3447 quae
2057 3361 2585 3449 comprobatur,
2637 3358 3171 3442 conformanda,

611 3475 683 3533 et
731 3469 905 3533 haec
954 3470 1124 3534 erit:
1199 3471 1259 3534 εἰ
1304 3469 1386 3533 τὰ
1433 3470 1511 3533 ἐν
1558 3475 1651 3553 τῷ
1699 3467 1881 3553 λόγῳ
1945 3471 2059 3533 καὶ
2116 3471 2210 3554 μὴ
2254 3469 2392 3533 ὑπὸ
2464 3474 2585 3533 τοῦ
2656 3468 2971 3553 λέγοντος
3036 3487 3173 3530 πα-

611 3574 1099 3662 ρασκευάζοιτο
1150 3577 1264 3641 καὶ
1325 3576 1518 3661 παρὰ
1566 3576 1687 3639 τὸν
1734 3574 1946 3660 λόγον
2017 3578 2333 3661 γίγνοιτο.
2429 3574 2857 3640 Aristoteles
2930 3572 3170 3638 verbis

610 3682 901 3767 quidem
950 3682 1231 3748 brevior
1255 3689 1328 3748 et
1354 3681 1645 3747 liberior
1692 3704 1844 3747 esse
1893 3677 2120 3767 neque
2169 3687 2412 3746 tamen
2447 3704 2520 3746 re
2548 3681 2744 3745 aliud
2780 3679 3172 3765 quidquam

613 3789 848 3855 dicere
896 3789 1206 3856 videtur.
1256 3790 1343 3854 In
1385 3812 1471 3854 ea
1521 3789 1708 3855 enim
1758 3790 2074 3877 protasi,
2141 3811 2320 3874 quae
2369 3788 2442 3853 in
2489 3771 2692 3853 libris
2740 3790 3046 3874 legitur:
3114 3790 3175 3852 εἰ

614 3903 903 3979 φανοῖτο
949 3897 1118 3983 ἡδέα
1165 3898 1280 3962 καὶ
1324 3899 1420 3980 μὴ
1466 3896 1577 3961 διὰ
1642 3898 1763 3961 τὸν
1812 3895 2025 3981 λόγον
2096 3895 2404 3983 primum
2475 3895 2598 3959 illa
2669 3896 2805 3959 ὑπὸ
2877 3900 2997 3958 τοῦ
3066 3893 3174 3959 λέ-

613 4026 849 4089 γοντος
882 4002 1475 4091 παρασκευάζοιτο
1521 4004 2039 4088 desiderantur,
2090 4002 2347 4067 deinde
2387 4008 2678 4085 φανοῖτο
2712 4025 2841 4090 pro
2877 4004 3172 4087 γίγνοιτο

611 4117 685 4176 613
735 4112 845 4177 διὰ
893 4113 1015 4176 τὸν
1063 4110 1277 4196 λόγον
1345 4132 1473 4197 pro
1520 4109 1632 4190 his
1681 4111 1874 4196 παρὰ
1922 4110 2043 4174 τὸν
2090 4109 2302 4194 λόγον
2352 4109 2714 4195 leguntur.
2809 4108 2946 4174 Sed
2994 4108 3173 4172 haec

614 4219 703 4283 ad
769 4218 1069 4284 formam
1137 4218 1381 4305 potius
1456 4239 1667 4301 quam
1733 4218 1823 4281 ad
1871 4239 2020 4281 rem
2095 4217 2455 4304 pertinere
2534 4216 2893 4283 videntur·
2986 4216 3172 4281 Nam

613 4326 788 4390 illud
838 4327 973 4389 ὑπὸ
1023 4333 1144 4389 τοῦ
1205 4324 1525 4410 λέγοντος
1589 4322 2182 4412 παρασκευάζοιτο
2231 4331 2304 4388 613
2353 4326 2546 4412 παρὰ
2612 4324 2826 4408 λόγον
2875 4327 3171 4409 γίγνοιτο

612 4434 1066 4519 pleonasmus
1136 4439 1279 4512 est,
1364 4433 1487 4518 qui
1534 4432 1822 4516 dicitur,
1903 4432 2006 4496 ita
2054 4438 2135 4497 ut
2183 4438 2566 4517 utrumque
2640 4430 2979 4518 coniungi
3044 4435 3172 4495 aut
