3552 5297
437 1168 951 1330 1118101111
1004 1205 1273 1330 mcum
1316 1205 1411 1328 οε
1466 1204 1798 1330 pumen
1852 1205 1991 1328 χιχ.
2045 1204 2860 1378 1456133-115618

1180 1415 1576 1459 EXPLIGAVIT
1620 1415 1704 1458 ΕΤ
1749 1415 2136 1459 EMENDAVIT

917 1545 1753 1614 VALENTINUS
1840 1531 2404 1612 WROBEIL.

592 1845 680 1910 In
730 1845 970 1912 codice
1038 1846 1363 1914 Parisino
1434 1849 1644 1931 1741,
1713 1846 1838 1932 qui
1903 1846 2068 1911 inde
2119 1867 2159 1910 a
2206 1846 2527 1935 Bekkero
2597 1852 2770 1913 nota
2843 1847 2940 1913 Ac

383 1950 656 2036 signari
705 1950 908 2037 solet,
956 1953 1300 2038 leguntur
1348 1953 1558 2021 initio
1607 1954 1869 2041 eapitis
1918 1953 2130 2017 XIX.
2180 1953 2386 2018 haee:

383 2060 618 2124 1456a
650 2061 735 2124 33
783 2063 939 2147 περὶ
1003 2064 1133 2142 μὲν
1180 2064 1309 2126 οὖν
1356 2067 1496 2126 τῶν
1544 2061 1785 2126 ἄλλων
1830 2059 1961 2147 ἤδη
2007 2063 2298 2147 εἴρηται,
2359 2060 2608 2127 λοιπὸν
2657 2060 2731 2127 δὲ
2776 2063 2935 2148 περὶ

808 2165 1056 2248 λέξεως
1071 2169 1186 2231 καὶ
1208 2168 1519 2248 διανοίας
1535 2170 1773 2234 εἰπεῖν.
1804 2168 1882 2232 τὰ
1897 2168 2029 2250 μὲν
2048 2169 2179 2233 οὗν
2204 2169 2360 2254 περὶ
2378 2171 2503 2253 τὴν
2525 2169 2843 2234 διάνοιαν
2863 2170 2941 2235 ἐν

656 2274 743 2337 35
792 2279 928 2354 τοῖς
945 2276 1104 2361 περὶ
1136 2276 1493 2361 ῥητορικῆς
1514 2273 1789 2355 κείσθω,
1814 2280 2007 2340 τοῦτο
2027 2275 2157 2362 γὰρ
2179 2274 2355 2339 ἴδιον
2377 2274 2655 2356 μᾶλλον
2678 2277 2943 2361 ἐκείνης

808 2388 921 2466 τῆς
967 2380 1292 2463 μεθόδου.
1342 2385 1480 2470 ἔστι
1527 2382 1601 2447 δὲ
1648 2381 1822 2446 κατὰ
1871 2384 1996 2466 την
2045 2381 2365 2446 διάνοιαν
2399 2388 2608 2449 ταῦτα
2643 2384 2771 2447 ὅσα
2802 2383 2939 2448 ὑπὸ

809 2495 929 2554 τοῦ
953 2488 1165 2575 λόγου
1183 2489 1290 2554 δεῖ
1306 2487 1993 2579 παρασκευασθῆναι.
2012 2490 2185 2574 μέρη
2206 2488 2279 2553 δὲ
2303 2491 2565 2553 τούτων
2583 2490 2656 2552 τό
2677 2510 2745 2554 τε
2769 2491 2942 2553 ἀπο-

807 2596 1161 2663 δεικνύναι
1193 2598 1308 2662 καὶ
1340 2598 1411 2662 τὸ
1443 2596 1636 2663 λύειν
1685 2598 1799 2661 καὶ
1848 2596 1921 2661 τὸ
1972 2594 2170 2683 πάθη
2200 2595 2754 2684 παρασκευάζειν
2790 2598 2942 2664 οἷον

509 2704 737 2770 1456b
785 2704 984 2770 ἔλεον
1028 2709 1071 2789 ἢ
1125 2707 1348 2791 φόβον
1378 2708 1421 2790 ἢ
1455 2706 1669 2791 ὀργὴν
1701 2706 1818 2768 καὶ
1853 2707 1982 2770 ὅσα
2015 2710 2292 2769 τοιαῦτα
2341 2707 2456 2769 καὶ
2504 2708 2599 2770 ἔτι
2643 2704 2936 2791 μέγεθος

807 2814 923 2877 καὶ
952 2814 1373 2900 μικρότητας.
1423 2811 1639 2897 δῆλον
1671 2809 1744 2876 δὲ
1778 2813 1878 2875 ὅτι
1913 2813 2027 2875 καὶ
2059 2814 2137 2876 ἐν
2169 2817 2305 2891 τοῖς
2351 2813 2751 2899 πράγμασιν
2800 2813 2939 2876 άπὸ

809 2926 951 2984 τῶν
999 2923 1231 2985 αὐτῶν
1280 2920 1484 2985 ἰδεῶν
1519 2919 1628 2984 δεῖ
1664 2917 1985 3008 χρῆσθαι,
2032 2921 2200 2984 ὅταν
2232 2922 2275 3004 ἢ
2306 2919 2568 2985 ἐλεεινὰ
2602 2924 2645 3004 ἢ
2678 2920 2868 2985 δεινὰ
2899 2923 2942 3005 ἢ

804 3026 1071 3112 μεγάλα
1105 3030 1148 3112 ἢ
1178 3029 1408 3092 εἰκότα
1441 3028 1557 3113 δέῃ
1590 3024 2389 3113 παρασκευάζειν·πλὴν
2429 3033 2763 3092 τοσοῦτον
2796 3028 2943 3092 δια-

698 3133 740 3196 5
791 3136 992 3219 φέρει,
1041 3137 1141 3199 ὅτι
1172 3135 1254 3199 τὰ
1288 3137 1418 3216 μὲν
1450 3135 1559 3200 δεῖ
1607 3132 1984 3218 φαίνεσθαι
2032 3136 2203 3198 ἄνευ
2251 3133 2714 3214 διδασκαλίας,
2755 3135 2836 3198 τὰ
2870 3134 2943 3199 δὲ

809 3241 887 3306 ἐν
913 3249 1005 3326 τῷ
1031 3242 1213 3328 λόγῳ
1237 3243 1374 3306 ὑπὸ
1401 3249 1522 3306 τοῦ
1557 3241 1874 3327 λέγοντος
1915 3239 2566 3327 παρασκευάζεσθαι
2600 3243 2715 3306 καὶ
2749 3237 2941 3327 πάρὰ

809 3350 931 3413 τὸν
956 3348 1172 3435 λόγον
1196 3348 1568 3436 γίγνεσθαι.
1617 3351 1679 3413 τί
1710 3350 1840 3435 γὰρ
1872 3351 1963 3413 ἂν
1994 3352 2095 3435 εἴη
2128 3355 2248 3412 τοῦ
2281 3347 2595 3434 λέγοντος
2628 3351 2849 3433 ἔργον,
2885 3351 2945 3412 εἰ

811 3463 1098 3541 φανοῖτο
1146 3462 1189 3542 ἡ
1238 3458 1508 3530 διάνοια
1558 3459 1672 3522 καὶ
1719 3458 1815 3541 μὴ
1862 3457 1973 3522 διὰ
2022 3457 2143 3521 τὸν
2193 3455 2422 3541 λόγον.

598 3563 793 3640 Quae
841 3563 1072 3629 latine
1120 3564 1225 3630 ita
1273 3564 1423 3631 fere
1474 3564 1755 3652 concipi
1805 3569 2144 3651 possunt:

603 3669 993 3757 „Quoniam
1057 3671 1280 3757 igitur
1329 3672 1415 3735 de
1468 3671 1626 3735 aliis
1691 3669 2078 3758 (parbibus)
2152 3669 2341 3753 dixi,
2406 3670 2756 3754 reliquum
2807 3677 2939 3755 est,

383 3784 465 3841 111,
514 3777 599 3841 de
648 3778 1083 3844 oratione
1132 3785 1205 3842 61
1252 3778 1619 3842 ratione
1670 3776 2048 3841 dicendum
2098 3799 2248 3842 esse
2285 3776 2641 3841 videatur.
2693 3775 2937 3862 Atque

384 3885 614 3949 omnis
662 3886 749 3950 de
797 3887 1077 3953 ratione
1127 3885 1458 3953 doctrina
1493 3885 1568 3950 in
1600 3884 1804 3949 libris
1855 3883 2235 3949 rhetoricis
2283 3883 2519 3971 posita
2569 3890 2697 3967 est,
2749 3884 2942 3950 illius

383 3992 573 4056 enim
623 3992 802 4056 artis
852 3993 1082 4078 magis
1133 3998 1242 4058 est
1290 3991 1601 4081 propria.
1649 3993 1840 4056 Sunt
1889 3998 2131 4056 autem
2182 4013 2300 4074 ea,
2350 4013 2532 4075 quae
2582 3991 2674 4056 ad
2720 3992 2939 4058 ratio-

383 4122 545 4164 nem
617 4098 1024 4195 pertinent,
1101 4121 1566 4184 quaeeunque
1644 4098 1966 4165 orat-,ione
2028 4104 2198 4164 sunb
2263 4099 2606 4186 paranda.
2686 4099 2942 4165 Partes

387 4297 581 4351 1456a
617 4297 688 4350 34
725 4297 841 4350 Ao:
879 4296 1055 4357 λέξεως
1093 4300 1122 4362 ἢ
1163 4296 1390 4364 διανοίας,
1428 4298 1817 4350 Hermannus
1870 4313 1882 4348 :
1920 4294 2097 4357 λέξεως
2136 4294 2216 4346 καὶ
2254 4293 2464 4355 διανοίας

387 4387 577 4441 14561)
650 4388 687 4440 4
724 4386 841 4439 Ao:
879 4386 922 4436 δ’
960 4382 1008 4453 ἦ,
1047 4385 1492 4440 Riooardianus
1533 4388 1601 4440 16
1639 4389 1701 4439 et
1737 4386 2058 4439 Parisinus
2096 4385 2267 4438 2038:
2305 4384 2387 4449 δέη

647 4478 684 4535 8
723 4476 840 4530 Ao:
878 4477 1024 4543 ἡδέα·
1061 4479 1269 4547 itaque
1288 4477 1431 4530 libri
1452 4493 1687 4545 omnes;
1713 4477 1742 4543 ἡ
1771 4474 1958 4526 διάνοια
1985 4473 2101 4540 αὖιὴ
2152 4474 2367 4540 διἀὑτῆς
2400 4473 2675 4543 Spengel,
2701 4472 2730 4538 ἡ
2759 4469 2946 4523 διάνοια

889 4566 1140 4635 Vahlen,
1179 4565 1610 4637 Margoliouth,
1648 4565 1754 4620 sed
1791 4569 2042 4635 uterque
2080 4563 2448 4617 dubitanter.

2734 4669 2767 4721 1
